2520 4031
1093 298 1202 324 .-.-ς
1301 294 1350 341 50
1449 295 1559 321 3...-

355 400 493 436 horum
519 393 617 432 rami
645 388 1008 439 undiqueEeoeuntes
1034 394 1286 423 anastomoses
1314 383 1501 427 formant,
1554 396 1646 430 quae
1674 383 1838 430 majores
1864 385 1983 423 adhuc
2014 384 2089 422 hae
2114 388 2152 424 in
2180 401 2299 425 mem-

353 464 470 500 brana
502 469 656 494 mucosa
676 455 896 497 exsistunt,
943 459 984 486 ut
1017 451 1098 485 fere
1133 456 1208 485 tota
1235 448 1335 486 vasis
1369 447 1569 483 constituta
1594 448 1667 492 sit,
1720 455 1756 484 et
1783 461 1802 485 a
1829 448 1959 495 quibus
1983 450 2144 498 denique
2180 455 2298 491 ramis

353 523 584 574 serpentium
611 516 803 560 addusiar
829 516 1072 554 membranas
1104 512 1432 561 percurrentibus,
1485 512 1677 555 nonnullos
1710 512 1798 560 ipsis
1826 525 1914 549 cum
1941 516 2038 560 poris
2076 528 2189 563 supra
2221 518 2297 553 lau-

356 588 451 625 datis
482 582 769 624 communicare
796 591 995 628 persuasus
1028 577 1125 614 mihi
1151 589 1250 617 sum,

392 688 396 694 ,
443 674 445 677 ν
480 652 586 687 ·Hac
614 648 838 684 membrana
863 643 1030 692 penicilli
1057 655 1128 690 'ope
1163 642 1283 678 oblata
1318 641 1554 677 fibrarum
1589 640 1936 676 muscularium
1970 649 2177 682 stratum
2211 646 2300 693 pri-

355 712 479 753 mum<
510 716 584 751 vel
619 711 849 748 annulare
877 708 908 755 Ι’)
935 708 1253 755 inconspectum
1286 705 1427 753 P1'0dst7
1469 704 1563 752 qUOd
1599 703 1750 742 Goeze
1781 706 1813 751 ²)
1851 717 1940 740 eum
1975 707 2132 744 traChea
2163 708 2299 746 Anatis

354 775 517 818 Anseris
540 772 963 822 comparavitsssloo'h
983 775 1016 819 3)
1047 784 1136 807 vero
1161 784 1226 819 pro
1247 771 1333 807 tubo
1356 769 1562 806 intestinali
1578 769 1711 817 posuit.
1766 768 1935 804 Stratum
1963 770 2034 806 hoc
2061 771 2100 806 in
2127 774 2299 811 omnibus

353 847 451 883 hanc
489 843 534 880 ad
569 838 740 886 ordinem
776 837 972 884 adscriptis
1005 836 1199 871 vermibus
1236 836 1351 871 etiam
1387 833 1505 882 quoad
1542 831 1845 883 magnitudinem
1879 834 2147 871 minutissimis
2180 838 2298 884 adest,

354 904 584 946 solummodo
619 910 794 951 respectu
827 889 1098 949 magnitudinis
1133 899 1315 945 corporis⁴
1333 900 1374 934 in
1406 911 1478 934 uno
1506 897 1655 941 den‘sius
1685 910 1729 934 ac
1754 897 1922 942 firmius,
1968 899 2007 934 in
2036 901 2152 935 altero
2177 902 2300 940 laxius

355 982 391 1010 et
416 970 741 1012 tenuius-textum
767 972 834 1005 est,
894 963 1023 998 Fibras
1051 962 1118 997 has
1145 963 1346 997 annulares
1376 962 1416 997 in
1440 962 1613 1009 plurimis
1646 962 1715 998 sibi
1753 975 1868 1009 aeque
1904 962 2119 1009 adjacentes
2146 964 2300 1011 offendi,

354 1039 391 1073 in
417 1031 738 1080 Echinorhyncho
765 1028 913 1075 Spirula
940 1033 977 1062 et
1003 1025 1252 1061 moniliformi
1279 1032 1407 1060 autem
1434 1025 1598 1073 singulos
1625 1026 1730 1071 quasi
1762 1026 1963 1062 fasciculos
1991 1028 2180 1074 formant,
2236 1031 2303 1078 qui

351 1097 577 1148 praesertim
600 1096 639 1131 in
666 1094 737 1130 hoc
767 1092 820 1141 ibi
845 1103 958 1139 quam
987 1090 1155 1126 maxime
1182 1089 1285 1125 firmi
1313 1096 1350 1124 et
1376 1089 1481 1124 densi
1509 1095 1709 1136 apparent,
1754 1089 1815 1124 ubi
1850 1092 1993 1127 vermis
2027 1093 2104 1140 ipse
2131 1093 2182 1129 ita
2212 1106 2303 1131 con-

351 1163 518 1206 strictus,
545 1167 587 1196 ut
613 1158 815 1195 notabilem
844 1156 950 1191 illam
977 1155 1144 1190 formam
1173 1154 1294 1189 lineae
1323 1153 1623 1202 margaritarum
1650 1153 1818 1188 similem
1844 1154 2002 1195 referat,

499 1225 569 1260 His
590 1217 699 1258 ‘ibris
731 1220 888 1267 denique
921 1217 1303 1268 longitudinales
1330 1217 1575 1263 incumbunt,
1623 1230 1717 1264 quae
1743 1230 1832 1253 mox
1859 1217 1995 1255 densae
2029 1221 2191 1268 undique
2227 1223 2302 1259 sibi

351 1290 535 1339 adpositae
565 1286 828 1323 membranam
856 1284 1045 1334 integram
1072 1290 1113 1318 ut
1139 1282 1177 1318 in
1204 1282 1300 1322 Eeh,
1329 1280 1515 1330 Gigante‚
1569 1294 1657 1318 mox
1682 1283 1804 1318 solum
1823 1283 1994 1320 tendines
2021 1293 2061 1321 ut
2086 1286 2125 1321 in
2152 1287 2304 1322 monili-

350 1354 485 1398 fbrmi,
534 1352 754 1400 'porrigente
790 1356 835 1384 et
852 1348 1097 1396 polymorpho
1123 1347 1310 1391 formant,
1364 1358 1528 1392 quaeque
1556 1346 1594 1381 in
1623 1347 1796 1392 omnibus
1822 1359 1896 1383 una
1923 1360 2012 1384 cum
2039 1351 2301 1386 transversan-

347 1420 414 1455 bus
442 1417 608 1465 corporis
635 1416 802 1450 formam
829 1413 986 1453 faciunt,
1008 1432 1056 1459 ὴ-
1108 1412 1162 1446 Ita
1189 1410 1355 1458 corporis
1383 1410 1694 1446 membranarum
1717 1418 1854 1456 status,
1907 1412 1947 1447 in
1974 1409 2300 1461 Echinorhyncho

349 1482 593 1532 polymorpho
620 1492 709 1514 vero
737 1479 838 1524 inter
862 1476 973 1511 fibras
1013 1476 1213 1511 annulares
1247 1482 1282 1510 et
1317 1473 1603 1523 longitudinales
1630 1475 1789 1510 materia
1816 1487 1995 1524 grumosa
2031 1484 2088 1512 est
2113 1477 2204 1523 sita,
2259 1486 2301 1514 ct

349 1548 388 1583 in
415 1546 631 1595 porrigente
660 1543 881 1578 membrana
908 1540 1029 1576 adhuc
1057 1540 1231 1575 cellulosa
1269 1538 1396 1582 adest,
1449 1538 1511 1573 cui
1542 1538 1582 1573 in
1616 1537 1770 1573 feminis
1804 1540 1930 1589 ovaria
1957 1540 2046 1577 duas
2073 1542 2191 1577 series
2221 1542 2301 1580 foi·-

348 1612 490 1647 mantia
518 1610 780 1652 continentur,
834 1619 927 1654 quae
955 1618 1045 1640 vere
1072 1604 1112 1640 in
1138 1603 1305 1639 maribus
1329 1604 1449 1638 solum
1478 1609 1697 1638 contextum
1725 1603 1944 1650 cellulosunq
1969 1604 2075 1645 facit.

800 1762 1054 1826 Vaginae
1103 1762 1478 1825 proboscidis
1530 1773 1837 1807 structura.

500 1861 604 1895 Haec
632 1864 719 1894 sunt
746 1868 838 1905 quae
867 1856 971 1891 circa
999 1854 1163 1890 formam
1188 1853 1429 1901 habitumque
1457 1860 1656 1888 externum
1672 1852 2082 1900 Echinorhynchorum
2107 1843 2301 1897 monenda

350 1925 452 1961 nobis
479 1931 579 1968 erat,
633 1921 919 1972 progrediamus
950 1931 1054 1956 nunc
1089 1917 1134 1954 ad
1168 1918 1359 1954 internam
1385 1918 1447 1954 ubi
1473 1919 1594 1965 primo
1622 1917 1758 1966 vagina
1783 1916 2011 1964 proboscidis
2037 1929 2176 1967 magno
2204 1932 2300 1956 cum

349 1995 525 2037 apparatu
551 1987 763 2023 musculoso
790 1985 974 2021 instructa
1002 1983 1104 2019 nobis
1131 1995 1212 2019 sese
1240 1983 1362 2023 offert.

499 2051 647 2100 Organo
675 2051 778 2086 enim
811 2057 890 2084 tam
927 2047 972 2083 ad
1006 2047 1264 2096 recipiendam
1298 2045 1556 2095 proboscidem
1591 2053 1796 2081 retractam
1824 2058 1934 2093 quam
1967 2045 2013 2082 ad
2039 2046 2299 2094 suscipiendos

350 2129 480 2153 succos
518 2114 744 2162 proboscidis
781 2127 847 2161 ope
882 2113 1033 2148 haustos
1075 2119 1290 2156 exstructo,
1352 2123 1395 2147 ac
1431 2111 1470 2146 in
1506 2110 1676 2146 omnibus
1710 2110 2042 2159 Echinorhynchis
2082 2112 2299 2159 praesenti,

352 2188 522 2217 auctores
558 2180 770 2228 Vaginae
805 2190 943 2214 nomen
977 2176 1131 2215 dedere.
1191 2175 1364 2226 Organon
1398 2176 1489 2220 hoe,
1536 2174 1652 2222 quoad
1679 2175 1980 2223 magnitudinem
2007 2183 2179 2223 respectu
2208 2177 2299 2212 colli

351 2246 585 2295 singulorum
620 2243 1030 2290 Echinorhynchorum
1064 2241 1211 2277 diverso
1244 2234 1354 2276 modo
1388 2241 1541 2290 longum
1580 2240 1695 2275 situm
1729 2239 1780 2274 ita
1815 2239 1951 2285 habet,
2004 2247 2045 2276 ut
2078 2252 2170 2288 apex
2203 2253 2298 2276 cum

351 2310 517 2357 corporis
551 2307 783 2357 proboscidei
823 2307 901 2343 basi
938 2306 1166 2351 cohaereat,
1228 2305 1324 2341 basis
1366 2318 1456 2341 vero
1493 2305 1610 2341 libera
1651 2304 1690 2339 in
1725 2316 1875 2339 summa
1909 2304 2031 2351 antica
2065 2312 2168 2352 purte
2211 2318 2297 2341 cor-

351 2374 449 2423 poris
488 2375 607 2409 locata
646 2372 708 2412 sit.
774 2371 874 2408 Situs
910 2371 973 2406 hic
1007 2372 1127 2406 solum
1166 2369 1560 2423 innEchinorhynchis
1592 2369 1845 2417 polymorphis
1881 2368 2085 2414 senilibus,
2139 2370 2296 2405 Proteus

349 2440 445 2475 mihi
481 2438 579 2475 dicto
612 2444 649 2472 et
680 2436 895 2486 porrigente
930 2431 1051 2482 aliqua
1085 2442 1190 2483 parte
1225 2435 1346 2480 alius,
1398 2434 1438 2470 in
1471 2434 1654 2482 prioribus
1688 2446 1822 2481 nempe
1857 2434 1993 2483 vagina
2030 2433 2119 2469 dum
2152 2433 2296 2469 bullam

350 2506 466 2540 intret
492 2504 530 2538 in
558 2502 713 2538 ductum
739 2500 1039 2537 minutissimum
1067 2507 1315 2535 transmutata
1344 2507 1420 2545 est,
1469 2499 1531 2546 qui
1556 2499 1594 2536 in
1619 2498 1872 2546 polymorphis
1900 2511 1988 2534 cum
2013 2497 2146 2546 papilla
2171 2505 2297 2534 sucto-

349 2569 406 2604 ria
442 2575 478 2603 et
503 2568 542 2602 in
566 2568 722 2603 Proteus
748 2566 845 2602 niihi
872 2565 970 2602 dicto
1003 2577 1091 2601 cum
1117 2564 1332 2618 proboscide
1361 2564 1627 2600 communicat.
1694 2563 1737 2598 In
1763 2564 1976 2613 porrigente
2004 2562 2141 2612 vagina
2167 2562 2206 2598 in
2232 2576 2295 2599 re-

352 2633 544 2680 ceptaculo
571 2630 901 2666 infundibiliformi
927 2631 1047 2666 locata
1074 2637 1144 2668 est.

502 2697 640 2731 Forma
669 2708 712 2731 ac
739 2695 928 2731 structura
956 2694 995 2729 in
1018 2693 1189 2730 omnibus
1218 2693 1375 2737 eadem,
1429 2693 1494 2729 illa
1528 2693 1630 2729 enim
1661 2692 1785 2743 magis
1823 2700 1886 2729 aut
1919 2692 2044 2728 minus
2076 2691 2292 2740 cylindrica.

350 2761 430 2796 basi
465 2759 653 2805 rotunda,
707 2759 803 2795 haec
839 2759 985 2806 corpori
1019 2758 1245 2806 proboscidis
1280 2758 1414 2793 similis
1450 2765 1505 2793 est
1541 2765 1576 2792 et
1610 2770 1654 2792 ex
1689 2757 1912 2793 membrana
1947 2756 2160 2792 dui-tuscula
2187 2756 2292 2793 intus

350 2824 401 2860 ita
429 2831 610 2860 excavata
636 2831 793 2869 constat,
821 2831 861 2858 ut
879 2824 1009 2859 lumen
1032 2823 1191 2872 vaginae
1219 2822 1444 2870 proboscidis
1467 2821 1767 2872 magnitudinem
1796 2823 1905 2869 hujus
1930 2823 2038 2870 longe
2066 2829 2228 2868 superet,
2248 2823 2292 2866 4)·

500 2888 650 2937 Vagina
677 2900 815 2937 magno
849 2901 937 2924 cum
965 2894 1141 2935 apparatu
1174 2888 1384 2922 musculoso
1418 2894 1499 2921 tum
1533 2886 1578 2922 ad
1612 2886 1883 2934 protudendam
1909 2894 1989 2921 tum
2018 2884 2063 2920 ad
2091 2887 2292 2922 retrahem-

352 2951 440 2988 dam
467 2951 724 2997 proboscidem
752 2951 919 2998 praedita
948 2960 1022 2997 est,
1058 2952 1317 2998 musculosque
1350 2951 1446 2998 ipsos
1473 2952 1597 2998 itaque
1623 2959 1894 2999 protusores
1922 2957 1958 2984 et
1985 2957 2291 2985 retractores.

353 3015 517 3055 nomino,
585 3015 739 3051 Illorum
773 3016 842 3051 duo
870 3017 984 3064 pariaa
1009 3006 1167 3060 adsunt,
1220 3028 1311 3063 quae
1345 3015 1496 3051 Zeder
1523 3017 1556 3061 5)
1595 3016 1685 3063 jam-
1708 3014 1880 3064 coguovit
1914 3014 2003 3050 dum
2039 3013 2195 3054 effatusz
2246 3015 2289 3054 iu

441 3187 470 3223 ι)
513 3184 654 3214 Tab.11.
685 3184 738 3226 fig.
755 3194 785 3225 9.
815 3195 889 3224 pars
914 3188 1000 3215 strati
1022 3186 1115 3226 hujus
1139 3199 1179 3217 cx
1203 3186 1471 3227 Echinorhyncho
1495 3185 1641 3226 Gigante.

439 3265 471 3299 2)
512 3262 536 3292 l.
567 3273 593 3292 c.

442 3342 474 3377 3)
515 3340 735 3383 Abhaudlung
763 3343 841 3373 iiber
871 3344 1004 3384 Erzeug.
1027 3350 1087 3375 etc.
1116 3354 1146 3382 p·
1165 3352 1216 3382 27.

444 3420 475 3455 4)
515 3419 652 3449 Taum,
682 3419 732 3460 fig.
753 3430 799 3460 ¹9·
845 3421 966 3462 Vaglna
998 3422 1126 3452 dissecta
1149 3421 1407 3462 Ech'morhynchi
1430 3421 1588 3461 spirulae.

445 3497 475 3533 ς)
517 3495 675 3538 Nachtrag
698 3508 729 3536 p.
751 3508 818 3538 109.
