2520 4031
909 313 1019 333 —-=·«
1119 309 1163 346 51
1267 310 1377 332 »—

166 402 184 438 1
198 401 495 450 {chinorhyncho
511 400 675 450 Gigante
694 401 947 455 suspensorios
968 400 1058 436 duos
1076 400 1266 436 musculos
1291 399 1494 441 invenisse,
1521 410 1679 445 quorum
1705 404 1836 440 dexter
1854 404 1942 440 hinc
1962 416 2112 440 summo

166 466 343 515 znargini
371 466 454 501 colli
479 465 607 502 dextro
633 464 735 500 illinc
762 463 890 500 infimo
917 465 1084 514 margini
1111 465 1288 508 sinistr05
1312 464 1464 499 sinister
1490 476 1580 499 vero
1607 463 1696 501 hinc
1724 478 1872 503 summo
1898 470 1984 509 colli
2012 481 2113 505 mar-

119 532 121 536 .
171 542 202 558 tr·

167 523 257 580 „ini
292 529 468 574 sinistro,
520 530 620 566 illinc
655 528 784 564 infimo
821 529 906 566 colli
945 529 1075 564 dextro
1118 528 1281 564 insertus
1317 535 1442 572 esset,
1494 527 1670 575 basinque
1706 530 1864 577 vaginae
1898 540 2113 570 transverse

166 584 546 642 praetercurrissont.
597 593 653 632 Ill.
681 592 826 629 Rudol
834 594 916 640 phi
943 593 1133 628 musculos
1160 592 1226 628 hos
1252 592 1420 638 primum
1448 599 1601 627 statutos
1631 593 1663 638 ¹)
1698 599 1825 640 postea
1858 594 2004 632 fictitios
2024 609 2113 633 *esse

170 658 344 693 affirmat
373 659 435 704 2),
488 657 553 694 sed
587 665 690 693 certe
725 670 764 693 se
791 657 971 692 fefellisse
1007 656 1104 692 mihi
1136 668 1389 703 persuasum,
1442 668 1530 691 cum
1564 657 1644 692 illos
1679 657 1718 692 in
1754 656 1924 692 omnibus
1957 660 2116 698 Echino-

172 722 363 770 1·hynchis
390 723 478 758 licet
504 722 627 770 magis
655 729 717 757 aut
744 721 869 756 minus
890 727 1105 762 ¹exstructos
1134 720 1344 759 observavi,

331 786 490 822 Musculi
516 785 556 820 hi
585 784 768 821 tendinosi
796 798 842 820 ex
868 797 1022 821 summa
1050 784 1175 820 antica
1209 790 1314 832 parte
1349 783 1514 830 corporis
1551 784 1706 830 collique
1740 787 1907 831 (tantum
1934 786 1973 822 in
1998 786 2119 828 brevi-

175 850 353 896 collibus)
382 856 551 885 exortum
579 848 739 893 ducunt,
774 855 965 896 totamque
993 848 1173 898 vaginam
1200 836 1520 898 longitudinaliter
1547 847 1719 883 ambiunt
1740 850 1786 893 3),
1824 857 1860 884 et
1884 849 1990 886 basin
2016 865 2121 899 prae-

175 922 376 951 currentes
402 913 453 948 ibi
480 924 636 948 crucem
664 912 830 949 formant
857 914 914 959 4),
954 926 1023 960 quo
1052 920 1088 948 et
1115 912 1154 949 in
1180 913 1260 948 loco
1286 913 1365 960 ipsa
1393 925 1481 948 cum
1510 913 1647 962 vagina
1675 919 1778 948 arcte
1806 914 1994 959 conjuncti
2021 922 2121 962 sunt,

176 991 271 1015 (tum
298 977 430 1013 relicta
456 976 535 1012 basi
562 977 682 1012 solum
708 977 868 1027 vaginae
897 976 1083 1024 adjacent.
1779 1024 1780 1027 Ἴ

333 1043 390 1077 Ex
418 1041 628 1077 interstitiis
655 1041 791 1076 horum
817 1048 1033 1078 retracto
1045 1053 1118 1077 res
1146 1041 1337 1086 oriuntur,
1378 1040 1440 1087 qui
1467 1048 1595 1083 autem
1622 1041 1676 1076 uti
1702 1040 1848 1077 Rudol
1858 1042 1939 1089 phi
1960 1044 1994 1087 5)
2021 1051 2124 1081 recte

180 1108 260 1156 jam
288 1106 457 1150 monuit,
509 1105 655 1152 aequali
682 1105 720 1141 in
754 1105 926 1141 omnibus
954 1117 1113 1141 numero
1140 1118 1212 1141 non
1238 1105 1501 1150 inveniuntur,
1546 1117 1635 1140 cum
1662 1105 1702 1140 in
1733 1106 1937 1152 majoribus
1962 1108 2126 1153 plerum-

184 1184 254 1219 que
281 1183 346 1206 sex
354 1197 366 1215 ‚
394 1170 433 1206 in
460 1170 667 1205 minoribus
694 1169 764 1205 duo
791 1171 850 1205 vel
877 1176 1034 1216 quatuor
1060 1177 1123 1205 aut
1151 1168 1432 1214 desiderantur,
1463 1175 1526 1203 aut
1547 1168 1645 1203 visui
1668 1175 1816 1204 tantum
1843 1170 2128 1213 subtrahuntur,

184 1235 442 1271 Musculorum
476 1234 612 1270 horum
653 1233 908 1280 praesentiam
943 1232 1097 1270 Goeze
1125 1235 1159 1277 6)
1200 1231 1351 1278 quidem
1384 1233 1464 1278 jam
1498 1232 1537 1268 in
1567 1232 1666 1284 Ech.
1703 1232 1867 1283 Gigante
1902 1233 2127 1282 observavit,

186 1299 258 1336 duo
284 1305 432 1335 tantum
459 1298 563 1346 paria
590 1299 711 1333 solum
737 1297 906 1342 adduxit,
949 1295 1104 1331 Zeder
1129 1297 1185 1340 7),
1228 1294 1403 1342 Rudolp
1415 1295 1461 1331 hi
1489 1298 1524 1342 8)
1551 1309 1641 1332 vero
1668 1297 1707 1332 in
1734 1297 1796 1332 illo
1824 1305 1860 1333 et
1887 1311 1956 1347 ego
1983 1305 2063 1334 tam
2091 1301 2129 1336 in

185 1364 269 1408 illo,
321 1375 433 1410 quam
459 1362 499 1398 in
525 1362 669 1408 majore
697 1365 751 1408 9),
803 1360 952 1408 Spirula
974 1360 1026 1404 10)
1062 1366 1099 1395 et
1124 1358 1373 1396 moniliformi
1403 1360 1453 1405 11)
1489 1360 1563 1396 tria
1589 1362 1849 1397 musculorum
1875 1363 1981 1410 paria
2010 1364 2132 1400 obser-

188 1427 298 1473 vavi,
335 1440 493 1474 quorum
518 1438 603 1474 par
626 1425 855 1472 pris-im,
897 1424 1139 1472 posterius
1164 1423 1359 1468 Zederi,
1383 1436 1523 1459 ‘verme
1550 1437 1571 1460 a
1599 1426 1715 1460 latere
1744 1425 1903 1462 dissecto
1932 1439 1953 1462 a
1980 1440 2130 1464 summa

191 1499 229 1527 et
255 1491 396 1539 postica
422 1490 521 1526 facie
555 1489 716 1539 vaginae
745 1496 916 1524 exortum
952 1487 1092 1524 ducens
1125 1488 1395 1524 brevissimum
1430 1495 1513 1534 est,
1567 1489 1860 1535 secundum,
1915 1493 2132 1528 anterius

190 1554 384 1599 Zederi,
413 1567 434 1590 a
459 1553 585 1589 media
608 1554 769 1602 vaginae
794 1544 900 1601 parte
924 1552 1155 1588 descendens
1177 1553 1256 1599 jam
1276 1553 1442 1601 longius,
1477 1553 1675 1588 tertium
1704 1553 1884 1600 denique,
1927 1555 2132 1592 later-ale

191 1618 388 1663 Zederi,
436 1631 456 1654 a
483 1619 563 1654 basi
589 1617 750 1667 vaginae
778 1618 839 1653 vel
863 1617 993 1653 infimo
1020 1617 1196 1667 margine
1225 1624 1396 1655 exortum
1422 1616 1687 1665 longissimum
1715 1618 1886 1654 omnium
1915 1626 1983 1658 est.
2052 1663 2062 1667 μ

346 1683 403 1718 Ita
437 1683 519 1718 fere
554 1682 594 1718 in
627 1682 797 1717 omnibus
831 1681 1162 1730 Echinorhynchis
1199 1694 1244 1717 ex
1277 1681 1463 1717 intestinis
1499 1682 1769 1718 inanimalium
1810 1682 1917 1717 lectis
1953 1696 2135 1720 numerus

194 1748 456 1784 musculorum
481 1748 554 1782 fuit
579 1749 752 1794 (excepto
767 1746 1087 1795 Echinorhyncho
1113 1746 1327 1796 porrigente
1352 1747 1413 1793 qui
1441 1745 1511 1781 duo
1532 1753 1680 1782 tantum
1706 1746 1811 1793 paria
1839 1747 1987 1791 habet),
2018 1749 2138 1794 quoad

195 1812 466 1857 insertionem,
520 1811 797 1859 dispositionem
833 1817 870 1845 et
902 1810 1174 1860 longitudinem
1206 1811 1246 1846 in
1280 1811 1451 1847 omnibus
1487 1818 1615 1846 autem
1650 1812 1731 1846 fere
1766 1811 1907 1846 diversi
1937 1819 2042 1857 sunt,
2098 1821 2137 1848 ut

196 1876 309 1912 facile
336 1876 487 1922 quisque
516 1888 561 1910 ex
586 1874 715 1923 figuris
743 1874 936 1910 delineatis
963 1882 1090 1922 petere
1117 1882 1251 1922 potest.
1316 1875 1477 1910 Omnino
1512 1883 1639 1911 autem
1667 1875 1980 1923 Echinorhynchi
2007 1877 2137 1912 avium

197 1939 345 1975 diverso
372 1938 415 1975 ab
443 1938 514 1974 hoc
549 1945 645 1974 statu
679 1940 936 1974 musculorum
970 1938 1158 1989 gaudent,
1211 1951 1302 1979 cum,
1334 1939 1372 1974 in
1400 1939 1457 1974 his
1488 1946 1568 1974 tam
1595 1940 1721 1974 forma
1748 1952 1862 1986 quam
1897 1940 1969 1975 situ
1998 1940 2139 1977 diversi

195 2011 297 2043 sunt.
358 2002 520 2040 Musculi
555 2003 656 2039 enim
691 2002 799 2038 modo
832 2002 971 2039 laudati
1003 2003 1069 2039 lati
1103 2015 1148 2039 ac
1182 2003 1407 2050 complanati
1439 2003 1479 2039 in
1511 2003 1570 2038 his
1597 2003 1749 2039 omnino
1775 2011 1915 2039 teretes
1944 2012 2050 2049 sunt,
2103 2013 2140 2040 et

197 2069 254 2104 sic
288 2068 391 2103 vocis
427 2080 539 2104 causa
573 2068 611 2103 in
645 2066 1049 2116 Echinorhyncho
1085 2066 1285 2103 caudato
1313 2070 1363 2113 12)
1406 2080 1474 2115 par
1506 2067 1663 2102 tertium
1698 2060 1826 2103 solumx
1854 2068 1985 2114 adest,
2037 2071 2143 2116 cujus

197 2132 441 2181 longissimus
468 2144 582 2179 usque
609 2131 655 2167 ad
681 2132 835 2167 tertiam
862 2139 1036 2179 quartam
1062 2139 1210 2180 partem
1237 2132 1348 2167 totius
1375 2131 1540 2179 corporis
1577 2132 1738 2167 masculi
1765 2131 1885 2168 tendit
1911 2132 2034 2180 ibique
2062 2134 2144 2169 vasi

200 2197 398 2234 communi
424 2196 610 2232 deferenti
643 2196 855 2242 inseratur,
909 2198 1003 2232 alter
1036 2209 1126 2232 vero
1159 2197 1198 2232 in
1233 2195 1360 2232 media
1394 2195 1475 2231 fere
1508 2203 1614 2243 parte
1644 2196 1721 2231 cuti
1747 2195 1920 2232 internae
1948 2196 2145 2236 adhaeret.

201 2263 246 2298 In
275 2274 429 2308 corpore
457 2259 644 2295 foemineo
673 2273 742 2308 par
767 2261 838 2297 hoc
865 2262 1144 2308 complanatum
1172 2260 1293 2297 adhuc
1320 2260 1359 2296 in
1386 2258 1570 2295 tumidula
1598 2259 1763 2306 corporis
1790 2267 1895 2307 parte
1924 2261 2001 2297 cuti
2027 2261 2145 2297 inser-

202 2334 288 2361 tum
324 2332 403 2370 est3
455 2324 509 2360 sic
542 2324 581 2360 in
616 2325 1021 2374 Echinorhyncho
1060 2325 1245 2361 Lancea
1273 2325 1324 2368 13)
1359 2322 1428 2358 duo
1461 2330 1611 2359 tantum
1648 2325 1908 2360 musculorum
1943 2325 2047 2372 paria
2080 2324 2147 2360 fili-

204 2389 347 2425 formia
374 2388 600 2435 conspicua,
653 2400 811 2435 quorum
845 2389 1012 2436 primum
1048 2401 1069 2425 a
1095 2388 1286 2436 superiore
1321 2395 1428 2436 parte
1462 2387 1621 2436 vaginae
1655 2400 1771 2434 usque
1808 2387 1855 2424 ad
1883 2389 2032 2436 apicem
2061 2402 2148 2424 cau-

205 2453 334 2489 dalem
370 2452 450 2487 fere
482 2452 747 2501 progreditur,
800 2454 962 2488 alterum
988 2466 1010 2489 a
1035 2453 1116 2489 basi
1143 2452 1308 2502 uaginae
1344 2459 1516 2488 exortum
1553 2451 1594 2486 in
1627 2451 1795 2488 mediam
1829 2465 1945 2500 usque
1981 2453 2147 2499 corporis

206 2516 481 2566 longitudinem
509 2516 718 2563 deseendit3
756 2517 811 2553 sio
837 2517 877 2553 in
899 2516 1305 2565 Ecliinorhyncho
1329 2515 1555 2564 Hystrice
1581 2517 1634 2561 14)
1671 2516 1815 2551 nullum
1842 2529 1911 2563 par
1937 2528 1982 2551 ex
2011 2517 2149 2565 vagina

208 2582 291 2629 ipsa
318 2580 455 2625 oritur,
504 2580 570 2616 sed
601 2593 670 2628 par
696 2593 826 2617 versus
853 2581 1039 2617 anteriora
1066 2580 1221 2616 tendens
1250 2587 1286 2616 et
1306 2580 1412 2627 paria
1439 2578 1528 2624 duo,
1581 2592 1740 2626 quorum
1767 2580 1936 2627 primum
1963 2581 2003 2616 in
2028 2582 2150 2616 latera

210 2647 376 2682 alterum
402 2656 532 2680 versus
559 2645 705 2693 apicem
732 2645 929 2693 caudalem
956 2645 1051 2690 abit,
1079 2659 1124 2681 ex
1141 2644 1343 2694 propagine
1368 2643 1634 2679 membranosa
1654 2643 1715 2679 cui
1737 2643 1776 2679 in
1797 2644 1952 2681 feminis
1975 2645 2148 2680 ovarium

211 2708 472 2745 communicat
499 2709 689 2754 oriuntur,
734 2716 769 2744 et
794 2709 833 2745 in
860 2710 1026 2745 maribus
1053 2710 1174 2745 solum
1200 2708 1378 2744 ultimum
1404 2707 1474 2743 hoc
1501 2720 1569 2755 par
1596 2707 1719 2754 adest3
1771 2708 1826 2743 sic
1855 2709 1947 2744 alius
1976 2715 2031 2744 est
2057 2708 2149 2743 situs

213 2781 251 2809 et
278 2785 458 2809 numerus
485 2774 742 2808 musculorum
768 2774 1162 2822 Echinorhynchi
1197 2774 1445 2809 Haerucae
1470 2773 1541 2817 15),
1589 2772 1788 2807 Proteus
1812 2773 1863 2816 16)
1899 2772 1996 2808 mihi
2029 2772 2149 2819 nomi-

214 2837 296 2873 nati
323 2843 359 2872 et
384 2836 634 2883 reliquorum,
686 2845 725 2873 ut
753 2850 798 2873 ex
825 2838 953 2888 figuris
981 2837 1175 2874 delineatis
1200 2843 1316 2885 patet,

306 2990 336 3025 ι)
378 2987 600 3020 Ἇῖεᾱεηιειηης
627 2987 746 3018 Archiv
774 2988 827 3017 fiir
852 2988 984 3029 Zoolog.
1007 3000 1040 3020 u.
1064 2989 1211 3018 Zootom.
1235 2988 1293 3019 Bd.
1314 2995 1344 3019 α.
1375 2985 1447 3016 Hft.
1468 2995 1497 3018 1.
1520 2995 1551 3024 p.
1569 2993 1597 3025 5.

305 3067 337 3103 2)
381 3065 550 3096 Entozool.
574 3064 650 3098 Vol.
666 3067 692 3099 Ι.
722 3076 753 3105 p.
771 3075 841 3106 229.

308 3146 339 3181 3)
380 3141 522 3174 Tab.11.
550 3144 600 3184 fig.
623 3151 671 3180 18.
715 3145 838 3186 Vagina
861 3143 1123 3184 Echinorhynchi
1153 3143 1304 3183 spii-ulae.

311 3222 345 3260 4)
385 3221 519 3252 Tab.11.
550 3221 600 3263 fig.
619 3231 668 3253 20.
713 3223 803 3252 Basis
825 3224 954 3263 vaginae
978 3221 1054 3254 Ech.
1078 3221 1234 3260 spirulae.

312 3300 343 3335 ς)
385 3299 409 3329 1.
432 3310 458 3329 c,
479 3317 519 3323 —
606 3304 636 3337 6)
661 3300 792 3341 Naturg.
817 3310 848 3338 p.
869 3309 937 3339 147.
960 3318 999 3324 -—-
1083 3303 1115 3340 7)
1137 3301 1159 3330 1.
1183 3311 1211 3333 c.
1253 3317 1295 3323 —
1382 3301 1412 3336 a)
1440 3298 1465 3330 1.
1490 3308 1516 3328 c.
1539 3315 1580 3321 —
1664 3300 1696 3334 9)
1726 3295 1863 3327 Tab.11.
1891 3296 2008 3336 sign.
2032 3304 2079 3334 ¹4·
2103 3305 2149 3336 ¹5·

293 3372 344 3406 ιο)
386 3368 518 3398 Taun.
548 3369 665 3410 fag.16.
688 3367 724 3400 a(
764 3370 810 3400 16.
835 3368 866 3399 b.
896 3387 937 3392 -
987 3354 990 3359 ’
1024 3372 1078 3407 ιι),
1115 3370 1196 3399 Τὼ.
1210 3369 1251 3400 11.
1280 3370 1406 3410 fig.21.
1431 3378 1480 3401 22.
1511 3386 1552 3392 —
1642 3370 1691 3404 η)
1733 3365 2053 3405 Tab.111.f1g.1.2.
2077 3374 2150 3404 et3.

295 3439 347 3473 ¹3)
388 3436 546 3468 Tab.111.
586 3439 642 3479 fig,
660 3448 690 3476 4.
713 3446 743 3468 et
773 3447 801 3478 5.
854 3438 1139 3477 Echinorhynchus
1176 3441 1318 3480 Tringae
1348 3439 1479 3468 Vanelli
1498 3440 1526 3469 6.
1551 3445 1583 3467 et
1606 3447 1633 3476 7.
1689 3435 1854 3466 Charadrii
1884 3435 2082 3465 Oedicnemi.
2113 3452 2152 3456 —

297 3510 347 3545 14)
389 3507 540 3540 Tab.III,
569 3508 624 3549 fig.
647 3509 693 3539 16.
717 3516 748 3538 et
768 3518 815 3549 η.
838 3527 879 3532 —
967 3510 1016 3545 ις)
1057 3508 1208 3538 Taum.
1239 3508 1296 3549 fig.
1318 3513 1365 3542 18.
1389 3516 1420 3537 et
1443 3517 1490 3547 ¹9·
1513 3523 1554 3531 —
1642 3509 1693 3544 16)
1733 3504 1886 3537 Tab.III.
1917 3504 1974 3544 fig.
1990 3513 2039 3536 22.
2057 3512 2087 3533 et
2102 3513 2152 3542 23.
