2520 4031
1080 289 1189 326 —qs
1294 286 1337 324 14
1437 286 1544 311 ῥ’-

1020 378 1063 424 b)
1121 375 1323 431 Collo
1381 375 1602 416 brevi,

310 496 318 501 *
347 479 427 529 22)
486 463 894 526 Echinorh'yrichus
938 469 1207 526 inaequalis.¹
1267 465 1384 510 Rud,

429 568 578 609 Synon.
623 567 696 597 Ech.
719 564 895 608 inaequalis.
922 563 1133 602 Rudolphi
1158 564 1327 594 Entozool.
1345 573 1377 601 p⁴
1387 563 1457 596 261.
1477 573 1525 592 nr.
1538 568 1565 598 8.
1583 559 1732 593 Tab.1v.
1750 562 1844 602 liga.
1888 561 2024 603 Synops⁴
2047 567 2137 605 p,66,
2164 577 2212 598 nr,
2227 573 2273 600 12,

429 658 616 691 Chai-act.
660 659 828 688 Proboscis
857 657 964 687 medio
987 657 1178 691 incrassata,
1217 657 1410 686 uncinorum
1432 650 1632 685 minutorum
1656 655 1801 685 serieb‘us
1823 656 1939 696 viginti
1961 665 2115 696 quatuor,
2152 659 2277 689 collum

595 716 705 748 breve,
750 723 862 752 corpus
891 714 1013 751 postice
1035 719 1242 741 attenuatum.

428 807 463 837 H
471 818 486 836 a
497 808 526 837 b.
568 807 606 834 ln
628 805 808 834 ventriculo
837 811 869 834 et
893 805 1055 833 intestinis
1079 804 1229 834 tenuibus
1253 802 1280 833 F
1289 804 1327 833 al
1336 813 1352 832 c
1361 813 1379 833 o
1388 803 1452 833 nis
1477 802 1501 833 B
1509 814 1531 833 u
1540 811 1551 833 t
1561 815 1578 833 e
1588 813 1606 832 o
1615 803 1654 832 n—i
1664 812 1688 833 s.

495 896 728 944 Descript.
782 893 840 935 Cl.
875 895 1040 937 Jurinie
1074 896 1220 943 primus
1254 907 1430 932 vermem
1463 895 1502 930 in
1529 895 1738 930 ventriculo
1773 895 1882 942 hujus
1900 894 2080 931 Falconis
2108 895 2272 941 offendit,

342 971 469 1013 postea
503 973 590 996 vero
624 960 677 1000 iu,
711 962 932 996 Bremser
960 959 1071 993 rillum
1097 959 1153 994 bis
1181 965 1359 995 autumno
1393 960 1433 995 in
1460 958 1625 998 duodeno
1650 959 1813 1006 reperit,
1868 967 1904 995 et
1937 960 2146 1007 specimina
2181 960 2278 999 mihi

342 1029 508 1076 prolata,
559 1037 625 1063 sex
652 1024 808 1064 circiter
832 1023 950 1063 lineas
974 1022 1086 1071 longa
1102 1048 1114 1066 ,
1164 1021 1365 1060 ,dimidiam
1381 1028 1527 1058 'crassa
1543 1042 1577 1066 ,ff
1598 1022 1738 1068 ,al-ba„
1766 1023 1984 1070 proboscide
2010 1024 2167 1072 oblonga
2195 1024 2277 1061 fere

341 1089 555 1139 subglobosa
572 1116 599 1133 ,,
634 1088 758 1123 antica
792 1087 831 1123 iu
866 1092 971 1134 parte
1008 1086 1239 1131 constricta,
1294 1084 1419 1123 media
1451 1084 1689 1128 incrassata,
1741 1088 1883 1134 postica
1916 1088 2059 1127 iterum
2093 1087 2277 1132 tenuiore,

339 1154 565 1193 uncinorum,
593 1152 837 1189 minutorum·
865 1150 1021 1188 circiter
1053 1149 1189 1200 viginti
1221 1149 1388 1186 seriebus
1416 1148 1730 1187 transversalibus
1764 1149 1876 1190 dense
1911 1152 2058 1192 munita
2092 1152 2277 1190 instructa

336 1225 434 1259 sunt.
494 1215 642 1254 Collum
668 1217 782 1253 breve
806 1214 1050 1258 distinctum,
1090 1214 1154 1250 vix
1181 1214 1353 1251 crassitie
1380 1213 1485 1251 basin
1512 1212 1738 1260 proboscidis
1764 1221 1929 1262 superat.
1988 1213 2163 1263 Corporis
2190 1229 2276 1264 pars

338 1283 504 1321 anterior
530 1279 714 1325 ob‘ovalis,
764 1279 947 1328 posterior
980 1285 1017 1314 et
1048 1279 1194 1327 longior
1220 1276 1451 1326 cylindrica,
1501 1277 1661 1314 incurva
1688 1290 1777 1314 cum
1808 1279 1914 1328 apice
1941 1279 2068 1316 obtuso
2092 1280 2279 1319 instructa

336 1355 374 1384 et
398 1347 437 1384 in
464 1346 649 1383 nonnullis
676 1345 796 1381 obiter
821 1356 959 1393 rugosa
991 1356 1035 1379 ac
1067 1343 1188 1379 incisa
1223 1349 1293 1380 est.

485 1411 568 1446 Hac
603 1423 648 1445 ex
682 1408 931 1456 descriptione
964 1414 1093 1456 patet,
1139 1405 1478 1454 Echinorhynchos
1514 1405 1608 1451 hos,
1661 1406 1734 1442 illis
1770 1419 1792 1442 a
1828 1408 1876 1446 cl.
1910 1406 1931 1443 J
1941 1407 2083 1447 urine
2116 1408 2276 1454 repertis

335 1488 449 1522 quam
476 1474 644 1510 maxime
672 1472 816 1508 similes
845 1484 953 1516 esse,
1007 1484 1077 1507 nec
1104 1478 1233 1506 tamen
1268 1477 1392 1506 certus
1426 1481 1513 1505 sum
1547 1482 1638 1506 num
1676 1478 1788 1507 recte·
1815 1470 2006 1517 dixerim,
2059 1478 2099 1507 ut
2133 1472 2278 1519 species

335 1541 431 1577 llaec
456 1539 504 1576 ad
530 1537 897 1585 Echinorhynchnm
931 1534 1134 1572 caudatum
1168 1535 1277 1581 hujus
1303 1533 1473 1571 Falconis
1508 1533 1710 1569 referenda
1744 1534 1819 1579 sit,
1870 1535 1934 1583 qui
1962 1535 2032 1573 etsi
2061 1536 2276 1584 proboscide

336 1604 545 1653 cylindrica
587 1614 815 1650 corporeque
848 1600 1017 1650 longiore
1051 1598 1268 1648 praeditus,
1329 1605 1460 1634 tamen
1503 1604 1677 1645 respectu
1711 1597 1860 1636 formae
1901 1600 2066 1646 corporis
2101 1613 2191 1637 cum
2225 1599 2278 1642 in-

336 1669 482 1717 aequali
510 1680 621 1716 quam
655 1666 825 1701 maxime
858 1664 1088 1708 concordat,
1140 1663 1317 1711 cujusque
1350 1661 1610 1710 proboscidem
1644 1661 1684 1697 in
1718 1674 1792 1699 uno
1825 1663 1885 1698 vel
1918 1663 2034 1699 altero
2068 1665 2276 1711 specimine

339 1732 463 1769 inedia
490 1733 529 1768 in
560 1739 665 1780 parte
692 1731 943 1766 incrassatam
975 1728 1191 1764 observasse
1225 1740 1288 1762 me
1318 1737 1542 1774 persuasum
1570 1725 1701 1763 habeo.

336 1924 415 1979 23)
476 1914 889 1972 Echinorhynchus
929 1913 1294 1973 megacephalus.
1353 1913 1472 1956 mihi
1513 1929 1556 1955 n.
1595 1928 1660 1971 sp.

420 2015 607 2045 charact.
652 2013 817 2043 Proboscis
845 2012 1029 2050 longissima
1059 2011 1165 2039 medio
1193 2011 1379 2047 incrassata,
1422 2011 1618 2040 uncinoruni
1649 2009 1945 2039 minutissimorum
1975 2010 2119 2041 seriebus
2144 2010 2273 2047 multitu

586 2069 708 2100 collum
730 2068 845 2103 breve,
890 2076 1006 2104 corpus
1038 2074 1179 2096 ovatum.

421 2162 523 2195 Hah.
568 2160 607 2190 In
636 2161 862 2190 intestinorum
891 2159 998 2188 tunica
1027 2157 1201 2196 peritonali
1231 2155 1408 2186 Colubri
1437 2156 1649 2187 maculati.
1693 2155 1749 2185 La
1772 2155 1942 2193 Cepede.

1079 2236 1183 2278 Tabb
1217 2236 1248 2277 Ι,
1325 2235 1407 2286 fig.
1440 2236 1477 2277 6·

490 2329 524 2364 D
540 2340 559 2362 e
578 2340 594 2362 s
611 2340 631 2362 c
646 2340 665 2361 r
680 2327 692 2361 i
710 2339 731 2373 p
746 2333 774 2365 t.
832 2324 959 2361 Joan.
994 2324 1188 2359 Nattere
1204 2337 1245 2368 r,
1297 2322 1507 2359 indefessus
1542 2330 1727 2359 scrutator
1761 2322 1990 2366 austriacus‚
2044 2334 2114 2369 per
2141 2325 2277 2373 aliquot

337 2405 485 2441 tempus
511 2394 589 2440 jam
611 2392 650 2426 in
676 2390 835 2426 Brasilia
860 2401 1015 2424 versans
1032 2415 1042 2432 ‚
1093 2388 1216 2435 ibique
1243 2388 1478 2424 uberrimam
1507 2400 1671 2423 messem
1698 2388 1842 2424 faciens
1850 2413 1863 2433 ,
1915 2388 2136 2433 nuperrime
2164 2391 2276 2425 Echi—

339 2457 605 2506 norhynchum
633 2455 733 2490 hunc
767 2454 943 2490 intestino
979 2460 1084 2488 extus
1112 2452 1382 2489 adhaerentem
1409 2461 1447 2489 et
1472 2453 1642 2503 Augusto
1670 2465 1800 2489 mense
1827 2458 2023 2499 repertum
2051 2454 2275 2494 transmisit,

336 2522 538 2561 Vermium
570 2519 759 2568 longitudo
785 2531 901 2555 unam
930 2530 1019 2554 cum
1053 2516 1208 2556 dimidia
1236 2519 1296 2553 vel
1329 2517 1419 2554 duas
1453 2519 1620 2567 integras
1654 2517 1771 2553 lineas
1808 2516 2020 2562 adaequat,
2072 2524 2108 2552 et
2144 2530 2275 2554 omnes

337 2585 551 2636 proboscide
579 2584 669 2620 duas
696 2583 841 2631 quintas
867 2590 991 2631 partes
1018 2581 1130 2617 totius
1165 2581 1404 2631 longitudinis
1440 2589 1639 2630 superante
1658 2609 1668 2626 ,
1721 2580 1845 2617 medio
1880 2581 2087 2617 incrassata
2104 2608 2115 2626 ‚
2169 2582 2274 2629 apice

337 2657 508 2688 truncato
535 2650 595 2684 vel
629 2647 852 2692 rotundato,
904 2646 1046 2695 postica
1078 2646 1278 2691 tenuiore,
1331 2654 1367 2682 et
1392 2646 1616 2682 uncinorum
1651 2646 1884 2681 minutorum
1916 2646 2084 2682 seriebus
2112 2646 2272 2695 triginta

338 2713 649 2752 transversalibus
676 2712 820 2747 munita
847 2710 1025 2760 gaudent,
1086 2707 1229 2758 Corpus
1264 2717 1416 2747 ovatum
1451 2717 1663 2746 antrorsum
1690 2710 1728 2746 in
1756 2711 1892 2746 collum
1920 2709 2140 2747 obconicum
2165 2711 2274 2746 laeve

337 2779 507 2817 crassitie
534 2777 640 2814 basin
667 2775 893 2824 proboscidis
920 2773 1020 2811 haud
1041 2786 1221 2822 superans
1247 2774 1489 2823 productum5
1516 2788 1609 2823 apex
1636 2774 1800 2811 caudalis
1826 2775 1999 2823 papillula
2021 2776 2081 2810 vel
2107 2774 2272 2810 vesicula

339 2856 453 2893 parva
486 2842 713 2878 terminatus
740 2847 810 2882 est,
1908 2849 1910 2851 ’

620 3070 666 3125 4)
725 3064 1074 3111 Proboscide
1121 3067 1284 3126 apice
1329 3066 1649 3110 incrassata
1689 3081 1720 3109 s.
1759 3063 1988 3107 clavata.

1019 3192 1060 3237 a)
1119 3188 1317 3227 Collo
1375 3191 1586 3229 nullo.

340 3278 420 3334 24)
478 3273 887 3334 Echinorhynchus
927 3277 1164 3322 bacillaris.
1223 3276 1332 3321 Zed.

425 3369 573 3410 Synon.
617 3371 690 3401 Ech.
723 3371 885 3403 bacillaris.
929 3373 1056 3402 Zeder
1086 3372 1220 3414 Naturg.
1243 3383 1276 3411 p.
1298 3381 1365 3412 159.
1395 3382 1443 3402 nr.
1459 3380 1510 3410 31.
1561 3370 1775 3409 Rudolphi
1807 3368 1974 3400 EntozooL
1998 3378 2028 3406 p.
2049 3377 2119 3408 301.
2154 3379 2204 3400 nr.
2219 3374 2269 3406 33.

591 3426 728 3467 Synops.
753 3430 846 3468 p.67.
867 3430 937 3465 316.
961 3434 1069 3465 nr.15.
1095 3447 1136 3452 —
1191 3427 1391 3459 Staclzclhals.
1434 3429 1565 3460 Bloch
1588 3427 1747 3458 Abhandl.
1770 3435 1859 3465 p,27.
1883 3427 1983 3462 tab.7.
2007 3425 2267 3465 fig.9—11·—

593 3482 667 3528 Eclr.
690 3484 803 3525 Mergi.
848 3485 1032 3515 Schrank
1052 3483 1241 3515 Verzeichn.
1265 3494 1357 3525 μή.
1378 3495 1485 3525 nr.90.
1532 3484 1694 3515 Gmelin
1716 3483 1798 3523 Syst.
1823 3488 1888 3512 nat.
1916 3491 1947 3520 p.
1968 3489 2060 3519 3045.
2086 3491 2134 3510 nr,
2155 3487 2204 3517 13.
