2520 4031
1085 284 1195 307 ——auae
1295 278 1342 316 28
1444 285 1553 303 --

350 384 516 421 seriebus
543 377 741 416 duodecim
767 376 808 411 in
833 376 1085 423 quincuncem
1113 373 1240 422 positis
1269 372 1426 410 munita.
1494 369 1641 407 Collum
1668 370 1937 408 brevissimum
1964 379 2004 407 ut
2030 371 2182 407 videtur
2207 382 2290 418 pro-

350 447 499 485 boscide
533 451 627 486 tota,
681 440 826 476 nullum
856 437 950 474 ‘vero
986 439 1125 486 partim
1160 444 1308 472 tantum
1347 442 1516 479 exserta,
1570 442 1607 470 et
1643 442 1732 471 tunc
1773 441 1900 470 tumor
1931 437 2012 472 loco
2047 436 2132 471 colli
2170 434 2290 473 adest.

350 510 524 559 Corporis
549 506 674 541 forma
701 502 933 553 cylindrica,
984 509 1195 537 retrorsum
1221 500 1301 548 plus
1337 501 1397 535 vel
1424 499 1549 534 minus
1584 498 1810 535 decrescens
1819 525 1830 544 ,
1879 500 2129 536 transversim
2157 499 2290 534 striata

347 575 451 624 quasi
476 569 655 615 fasciata3
708 580 801 615 apex
827 564 1234 605 obtuso-rotundatus,

496 635 539 671 ln
565 633 704 669 duobus
726 630 993 678 speciminibus
1021 630 1279 676 spectaculum
1300 629 1614 664 amoenissimum
1642 628 1808 668 obvium.
1862 625 1969 662 Cutis
1992 640 2126 676 nempe
2151 627 2288 663 horum

344 703 432 738 tota
453 700 536 736 fere
564 697 777 744 diaphana,
831 694 993 742 undique
1028 693 1130 729 striis
1165 694 1390 729 transversis
1425 693 1631 741 aequaliter
1664 706 1685 728 a
1720 704 1759 727 se
1793 691 1962 727 invicem
1997 690 2218 728 distantibus
2253 697 2292 725 et

343 765 533 814 spiraliter
567 759 801 804 convolutis,
863 759 1116 807 striarumque
1151 757 1312 793 duarum
1347 757 1677 806 longitudinalium
1714 766 1781 804 ope
1816 754 2025 801 conjunctis
2059 763 2183 791 notata
2220 760 2290 798 cst,

343 829 515 877 ramique
543 821 735 861 innumeri
762 835 940 859 vasorum
968 823 1286 858 subcutaneorum
1311 828 1531 868 perreptant
1559 828 1703 861 cutem,

491 889 530 936 a)
581 888 634 926 M.
662 887 981 936 Troglodytis.
1037 886 1164 922 Semel
1192 886 1332 932 hyeme
1360 885 1472 929 lecti,
1518 885 1610 921 duas
1638 898 1681 921 ac
1711 885 1872 932 quinque
1899 884 2018 919 lineas
2045 882 2185 931 longi,-
2210 896 2289 930 pro-

340 953 489 994 ¹b'oscide
517 951 746 1000 cylindriea,
775 951 968 986 interdum
995 949 1210 984 subclavata
1237 948 1339 993 visa,
1376 949 1604 984 uncinorum
1631 950 1868 986 minutorum
1894 948 2062 983 seriebus
2090 945 2289 982 duodecim

342 1021 487 1058 munita
515 1003 551 1052 e't
578 1016 671 1051 collo
698 1014 885 1059 subnullo,
922 1012 1100 1048 instructi
1127 1018 1225 1049 sunt.
1279 1009 1455 1057 Corporis
1483 1013 1608 1048 forma
1632 1012 1843 1061 cylindrica
1869 1012 2050 1058 fasciata,
2079 1018 2290 1046 retrorsum

342 1085 589 1125 decrescens,
643 1086 736 1126 apex
763 1077 930 1114 caudalis
958 1075 1229 1115 obtutissimus‚
1619 1066 1621 1070 ’

487 1147 527 1192 c)
579 1143 632 1182 Μ.
658 1142 932 1183 rubeculae,
985 1141 1088 1177 Vere
1114 1139 1170 1174 bis
1197 1146 1378 1174 autumno
1406 1140 1526 1174 semel
1553 1139 1716 1187 reperti,
1754 1139 1845 1175 duas
1872 1153 1961 1176 cum
1989 1139 2145 1178 dimidia
2173 1139 2290 1173 lineas

337 1212 458 1261 longi,
511 1207 647 1253 albidi,
702 1205 963 1254 proboscidem
992 1204 1125 1240 eodem
1154 1203 1263 1238 modo
1292 1211 1549 1249 exstructam,
1595 1203 1815 1251 corporique
1844 1203 2054 1253 cylindrieo
2079 1210 2291 1238 retrorsum

338 1281 549 1317 attenuato,
601 1282 737 1318 parum
765 1270 945 1318 fasciato,
1000 1268 1144 1315 oblique
1173 1267 1391 1314 impositam
1418 1268 1572 1308 habent,

489 1337 531 1383 d)
582 1335 634 1375 M,
665 1334 909 1373 rubetrae‚
962 1330 1303 1379 Echinorhynchos
1326 1343 1417 1366 vere
1440 1332 1626 1380 quondam
1649 1339 1817 1379 repertos
1841 1334 1888 1371 cl.
1906 1333 2130 1368 Bremser
2158 1345 2178 1368 a
2204 1331 2289 1367 reli-

336 1406 416 1453 quis
442 1399 721 1437 Motacillarum
749 1398 932 1445 sejunxit,
987 1410 1076 1433 cum
1102 1394 1319 1443 proboscide
1346 1397 1568 1442 plerumque
1595 1395 1855 1430 subclavatam
1885 1396 2052 1432 formam
2080 1396 2290 1431 mentiente

334 1465 510 1504 instructi
536 1470 634 1507 sunt,
673 1459 937 1497 nonnullorum
962 1474 1052 1496 vero
1079 1458 1340 1507 proboscidem
1368 1460 1541 1494 omnibus
1568 1459 1663 1494 notis
1690 1459 1844 1506 reliquis
1872 1459 2058 1507 quadrare
2080 1459 2290 1504 observavi,

335 1545 406 1582 qua
450 1543 492 1566 re
534 1539 623 1564 cum
669 1527 808 1562 collum
852 1537 994 1574 quoque
1030 1523 1300 1559 brevissimum
1347 1530 1384 1558 et
1432 1536 1566 1570 corpus
1607 1524 1863 1571 cylindricum
1904 1537 2040 1572 parum
2078 1531 2290 1558 retrorsum

335 1601 571 1633 attenuatum
599 1591 724 1636 adest,
753 1592 954 1626 Bremsero
983 1588 1262 1631 consentiente,
1296 1586 1665 1636 Echinorhynchum
1692 1587 1742 1622 Μ.
1769 1586 1946 1624 rubetrae
1974 1588 2038 1624 hic
2065 1588 2192 1627 retuli,
2279 1582 2293 1586 ’¹

487 1659 527 1704 e)
578 1656 824 1703 Reliquarum
858 1653 1137 1688 Motacillarum
1172 1650 1487 1698 Echinorhynchi
1522 1664 1612 1687 vere
1651 1663 1803 1698 semper
1837 1652 2008 1699 reperti,
2063 1658 2100 1685 et
2133 1659 2210 1687 tres
2245 1651 2290 1687 ad

334 1738 399 1761 sex
424 1724 544 1759 lineas
571 1721 694 1769 longi,
734 1718 906 1754 omnibus
940 1717 979 1751 in
1010 1716 1127 1766 signis
1155 1715 1467 1762 descriptionibus
1495 1715 1591 1751 datis
1619 1715 1762 1750 similes
1791 1723 1898 1761 sunt,
1942 1712 2292 1751 distinctissimamss

332 1802 403 1837 que
430 1786 597 1835 speciem
625 1784 755 1819 facere
783 1792 982 1829 persuasus
1012 1792 1127 1825 sum,
1183 1792 1272 1815 cum
1308 1780 1483 1814 omnium
1517 1779 1735 1827 superficies
1773 1781 1851 1827 plus
1888 1780 2063 1816 minusve
2100 1778 2290 1825 spiraliter

334 1852 493 1895 fasciata
528 1856 597 1889 est,

332 2004 410 2058 52)
427 2028 430 2030 v
472 1993 890 2050 Echinorhynchus
932 1992 1170 2035 areolatus.
1232 1990 1355 2033 Ptud.

413 2086 564 2126 Synon.
610 2081 686 2112 Ech.
717 2079 882 2108 areolacus.
926 2077 1147 2117 Rudolphi
1184 2077 1326 2118 Synops.
1365 2087 1396 2116 p.
1413 2077 1454 2117 69
1478 2083 1510 2106 et
1533 2085 1607 2117 3¹9.
1649 2087 1697 2107 nr.
1715 2085 1766 2116 23.
1793 2097 1799 2114 ,ἶ

416 2162 597 2194 Charact.
641 2158 813 2188 Proboscis
835 2157 1033 2197 cylindrica,
1056 2157 1248 2186 unc'inoruni
1270 2155 1415 2186 seriebus
1439 2156 1573 2196 vigint'13
1597 2155 1723 2185 collum
1746 2154 1958 2195 subnullum3
1991 2165 2107 2194 corpus
2132 2157 2288 2197 utrinque

581 2215 775 2254 praesertim
796 2220 976 2243 retrorsum
997 2219 1206 2241 attenuatum.

414 2296 514 2326 Hab.
560 2293 599 2322 In
627 2293 790 2322 intestinis
822 2290 1078 2320 Motacillae
1109 2290 1396 2328 atricapillae.

481 2371 772 2417 Descript‚
836 2366 894 2408 Cl.
934 2370 1245 2412 Bremserus,
1298 2368 1667 2416 Echinorhynchum
1710 2368 1812 2404 hunc
1858 2367 2062 2404 notabilem
2101 2374 2160 2402 ter
2194 2374 2295 2403 vere

330 2437 505 2482 offendit,
561 2442 598 2470 et
636 2433 847 2482 specimina
880 2432 977 2468 mihi
1011 2433 1092 2468 visa
1125 2440 1204 2467 tres
1240 2440 1444 2480 quatuorve
1480 2432 1600 2467 lineas
1626 2431 1759 2482 longa,
1812 2430 2029 2480 proboscide
2058 2431 2284 2479 cylindrica,

330 2504 369 2538 in
397 2501 502 2549 apice
529 2497 729 2534 rotundata
754 2497 815 2532 vel
841 2502 1035 2542 truncata,
1089 2495 1175 2531 basi'
1193 2496 1298 2544 quasi
1326 2496 1551 2541 constricta,
1581 2491 1824 2548 ,uncinor'um
1853 2496 2087 2550 minutorum
2115 2495 2284 2530 seriebus

330 2566 465 2615 viginti
491 2562 716 2599 transversis
745 2561 859 2596 dense
887 2561 1057 2605 munita,
1103 2561 1196 2595 collo
1223 2560 1469 2606 brevissimo,
1518 2555 1673 2608 corpore
1701 2560 1931 2609 cylindricO,
1964 2553 2149 2608 utrinque
2175 2572 2283 2606 prae-

330 2630 464 2665 sertim
490 2639 622 2663 versus
647 2626 796 2673 apicem
825 2625 1024 2661 caudalem
1058 2624 1246 2674 gracilem
1282 2632 1317 2660 et
1353 2624 1525 2660 obtusum
1558 2632 1748 2660 attenuato
1776 2626 1960 2671 instructa
1987 2630 2085 2663 tunt.
2137 2623 2282 2659 Postica

329 2707 416 2742 pars
444 2691 608 2739 corporis
634 2690 725 2725 vitri
751 2689 985 2725 lenticularis
1013 2702 1079 2736 ope
1107 2690 1272 2724 areolata
1299 2689 1548 2736 conspicitur,
1576 2689 1637 2724 vel
1663 2689 1824 2725 maculis
1852 2687 2168 2737 triangularibus,
2195 2700 2280 2735 qua-

330 2756 639 2807 dranguralibus,
688 2753 878 2798 rotundis,
931 2753 1186 2801 inaequalibus
1213 2747 1397 2788 instructa
1433 2761 1508 2798 est,
1564 2766 1655 2801 quae
1685 2766 1730 2788 ex
1757 2755 1885 2790 tunica
1912 2765 2067 2788 mucosa
2095 2751 2171 2787 cuti
2198 2753 2281 2787 sub-

332 2824 477 2869 jacente
505 2827 631 2856 ortum
658 2817 812 2858 ducunt,
873 2817 1019 2852 Ductus
1048 2818 1096 2856 cl.
1123 2816 1359 2864 Rudolphi
1394 2817 1565 2852 mediam
1600 2819 1818 2864 posterioris
1851 2818 1968 2866 partis
2001 2815 2277 2864 longitudinem
2324 2836 2326 2838 -

331 2888 460 2935 legens
488 2886 609 2928 visus,
654 2889 851 2930 apparatus
878 2881 1109 2917 masculinus
1137 2888 1241 2916 certe
1271 2888 1345 2925 est,
1394 2894 1483 2918 cum
1511 2890 1664 2930 egomet
1692 2895 1834 2931 quoque
1862 2883 1969 2918 illum
1995 2880 2035 2914 in
2062 2893 2138 2926 uno
2161 2880 2279 2927 speci-

332 2950 435 2985 mine
469 2948 634 2984 vesicula
662 2946 809 2983 caudali
835 2945 1025 2994 praedito,
1069 2944 1279 2997 observari,

893 3132 935 3176 c)
994 3127 1198 3166 Collo
1260 3132 1720 3180 longissime.

336 3227 408 3282 53)
469 3220 880 3278 Echinorhynchus
922 3223 1184 3279 porrigen&
1238 3220 1363 3264 Rud.

418 3308 567 3347 Synon.
613 3308 686 3339 Eclz.
708 3309 878 3348 porrigens.
922 3306 1139 3346 Rudolphi
1172 3307 1311 3348 Synops.
1341 3315 1436 3345 p.71.
1458 3312 1529 3344 325.
1561 3317 1610 3336 nr.
1628 3314 1676 3344 34.
1700 3322 1745 3329 -—·
1805 3305 1882 3339 Ech.
1907 3305 2071 3337 Balaenae.
2104 3307 2274 3339 Entozool.

582 3371 704 3401 p.3o4.
746 3375 795 3395 nr.
810 3372 840 3403 4.
893 3363 1020 3394 Schrift.
1052 3364 1107 3392 der
1140 3363 1225 3393 Berl.
1258 3362 1440 3394 Gesellsch.
1477 3362 1606 3392 Naturf.
1637 3361 1794 3391 Freunde.
1828 3362 1917 3397 1816.
1976 3363 2103 3392 cher
2140 3362 2272 3404 Naturg.

582 3420 694 3457 p.161.
718 3429 764 3448 nr.
776 3427 826 3458 37.
869 3418 1022 3456 Phipps
1045 3417 1179 3458 Voyage
1207 3418 1344 3451 towards
1380 3419 1432 3447 the
1456 3417 1546 3448 Nord
1572 3418 1661 3448 Pole.
1692 3416 1796 3447 Lena:
1819 3425 1908 3456 1774.
1940 3428 1970 3455 p.
1988 3427 2057 3457 194,
2111 3417 2273 3449 Gmelin

583 3475 664 3513 Syst.
690 3473 765 3504 Nat.
793 3482 927 3514 p.3045.
962 3484 1011 3504 nr.
1031 3483 1061 3514 4.
1093 3474 1173 3505 Tab.
1192 3474 1251 3505 ΙΠ,
1282 3475 1332 3514 fig.
1359 3483 1406 3513 17·
1433 3480 1480 3510 18.
