<?xml version="1.0" encoding="UTF-8"?>
<!DOCTYPE html PUBLIC "-//W3C//DTD XHTML 1.0 Transitional//EN"
    "http://www.w3.org/TR/xhtml1/DTD/xhtml1-transitional.dtd">
<html xmlns="http://www.w3.org/1999/xhtml" xml:lang="en" lang="en">
 <head>
  <title>
</title>
<meta http-equiv="Content-Type" content="text/html;charset=utf-8" />
  <meta name='ocr-system' content='tesseract 3.04.00' />
  <meta name='ocr-capabilities' content='ocr_page ocr_carea ocr_par ocr_line ocrx_word'/>
</head>
<body>
  <div class='ocr_page' id='page_1' title='image "./dehelminthibusac00west_0069.png"; bbox 0 0 2520 4031; ppageno 0'>
   <div class='ocr_carea' id='block_1_1' title="bbox 171 386 2119 1213">
    <p class='ocr_par' dir='ltr' id='par_1_1' title="bbox 171 386 2119 1213">
     <span class='ocr_line' id='line_1_1' title="bbox 331 386 2117 442; baseline -0.002 -12"><span class='ocrx_word' id='word_1_1' title='bbox 331 393 476 431; x_wconf 87' lang='lat' dir='ltr'><strong>Statuto</strong></span> <span class='ocrx_word' id='word_1_2' title='bbox 503 399 612 440; x_wconf 88' lang='lat' dir='ltr'><strong>atque</strong></span> <span class='ocrx_word' id='word_1_3' title='bbox 637 392 774 428; x_wconf 86' lang='lat' dir='ltr'><strong>tributo</strong></span> <span class='ocrx_word' id='word_1_4' title='bbox 799 391 923 439; x_wconf 86' lang='lat' dir='ltr'><strong>itaque</strong></span> <span class='ocrx_word' id='word_1_5' title='bbox 950 388 1282 440; x_wconf 85' lang='lat' dir='ltr'><strong>Echinorhynchis</strong></span> <span class='ocrx_word' id='word_1_6' title='bbox 1317 393 1420 424; x_wconf 89' lang='lat' dir='ltr'><strong>motu</strong></span> <span class='ocrx_word' id='word_1_7' title='bbox 1456 386 1704 436; x_wconf 80' lang='lat' dir='ltr'>proboscidis,</span> <span class='ocrx_word' id='word_1_8' title='bbox 1758 393 1857 431; x_wconf 80' lang='lat' dir='ltr'><strong>bulla</strong></span> <span class='ocrx_word' id='word_1_9' title='bbox 1890 394 1971 442; x_wconf 83' lang='lat' dir='ltr'><strong>ipsa</strong></span> <span class='ocrx_word' id='word_1_10' title='bbox 2005 402 2044 430; x_wconf 84' lang='lat' dir='ltr'><strong>ut</strong></span> <span class='ocrx_word' id='word_1_11' title='bbox 2078 393 2117 432; x_wconf 78' lang='lat' dir='ltr'><strong>in</strong></span> 
     </span>
     <span class='ocr_line' id='line_1_2' title="bbox 179 451 2117 508; baseline 0.002 -13"><span class='ocrx_word' id='word_1_12' title='bbox 179 460 318 497; x_wconf 81' lang='lat' dir='ltr'><strong>collum</strong></span> <span class='ocrx_word' id='word_1_13' title='bbox 350 458 565 495; x_wconf 88' lang='lat' dir='ltr'><strong>inflectatur</strong></span> <span class='ocrx_word' id='word_1_14' title='bbox 599 467 754 494; x_wconf 87' lang='lat' dir='ltr'><strong>necesse</strong></span> <span class='ocrx_word' id='word_1_15' title='bbox 788 455 885 491; x_wconf 90' lang='lat' dir='ltr'><strong>mihi</strong></span> <span class='ocrx_word' id='word_1_16' title='bbox 918 455 1088 499; x_wconf 85' lang='lat' dir='ltr'><strong>videtur,</strong></span> <span class='ocrx_word' id='word_1_17' title='bbox 1140 453 1234 508; x_wconf 61' lang='lat' dir='ltr'><strong>quogl</strong></span> <span class='ocrx_word' id='word_1_18' title='bbox 1272 466 1361 489; x_wconf 89' lang='lat' dir='ltr'><strong>vero</strong></span> <span class='ocrx_word' id='word_1_19' title='bbox 1396 453 1494 489; x_wconf 90' lang='lat' dir='ltr'><strong>nullo</strong></span> <span class='ocrx_word' id='word_1_20' title='bbox 1530 451 1640 489; x_wconf 87' lang='lat' dir='ltr'><strong>modo</strong></span> <span class='ocrx_word' id='word_1_21' title='bbox 1675 455 1974 506; x_wconf 81' lang='lat' dir='ltr'><strong>admittendum,</strong></span> <span class='ocrx_word' id='word_1_22' title='bbox 2026 472 2117 496; x_wconf 87' lang='lat' dir='ltr'><strong>cum</strong></span> 
     </span>
     <span class='ocr_line' id='line_1_3' title="bbox 177 519 2116 572; baseline -0.003 -13"><span class='ocrx_word' id='word_1_23' title='bbox 177 523 366 572; x_wconf 86' lang='lat' dir='ltr'><strong>proboscis</strong></span> <span class='ocrx_word' id='word_1_24' title='bbox 394 522 475 570; x_wconf 87' lang='lat' dir='ltr'><strong>ipsa</strong></span> <span class='ocrx_word' id='word_1_25' title='bbox 510 522 647 558; x_wconf 89' lang='lat' dir='ltr'><strong>collum</strong></span> <span class='ocrx_word' id='word_1_26' title='bbox 682 519 854 555; x_wconf 82' lang='lat' dir='ltr'>crassitie</span> <span class='ocrx_word' id='word_1_27' title='bbox 888 520 1109 567; x_wconf 86' lang='lat' dir='ltr'><strong>plerumque</strong></span> <span class='ocrx_word' id='word_1_28' title='bbox 1146 519 1348 565; x_wconf 83' lang='lat' dir='ltr'><strong>adaequat,</strong></span> <span class='ocrx_word' id='word_1_29' title='bbox 1404 524 1441 553; x_wconf 87' lang='lat' dir='ltr'><strong>et</strong></span> <span class='ocrx_word' id='word_1_30' title='bbox 1474 524 1562 553; x_wconf 90' lang='lat' dir='ltr'><strong>tunc</strong></span> <span class='ocrx_word' id='word_1_31' title='bbox 1591 529 1732 564; x_wconf 86' lang='lat' dir='ltr'><strong>quoqne</strong></span> <span class='ocrx_word' id='word_1_32' title='bbox 1768 522 1800 554; x_wconf 87' lang='lat' dir='ltr'><strong>si</strong></span> <span class='ocrx_word' id='word_1_33' title='bbox 1836 525 2022 569; x_wconf 72' lang='lat' dir='ltr'><strong>proboscjs</strong></span> <span class='ocrx_word' id='word_1_34' title='bbox 2055 524 2116 560; x_wconf 75' lang='lat' dir='ltr'><strong>vel</strong></span> 
     </span>
     <span class='ocr_line' id='line_1_4' title="bbox 177 575 2117 630; baseline -0.006 -7"><span class='ocrx_word' id='word_1_35' title='bbox 177 587 277 624; x_wconf 81' lang='lat' dir='ltr'><strong>bulla</strong></span> <span class='ocrx_word' id='word_1_36' title='bbox 297 593 464 623; x_wconf 87' lang='lat' dir='ltr'><strong>retracta</strong></span> <span class='ocrx_word' id='word_1_37' title='bbox 491 586 656 630; x_wconf 85' lang='lat' dir='ltr'><strong>adesset,</strong></span> <span class='ocrx_word' id='word_1_38' title='bbox 694 590 798 619; x_wconf 89' lang='lat' dir='ltr'><strong>certe</strong></span> <span class='ocrx_word' id='word_1_39' title='bbox 824 583 904 630; x_wconf 86' lang='lat' dir='ltr'><strong>jam</strong></span> <span class='ocrx_word' id='word_1_40' title='bbox 931 582 974 617; x_wconf 87' lang='lat' dir='ltr'><strong>ab</strong></span> <span class='ocrx_word' id='word_1_41' title='bbox 1001 594 1073 618; x_wconf 87' lang='lat' dir='ltr'><strong>uno</strong></span> <span class='ocrx_word' id='word_1_42' title='bbox 1102 583 1163 617; x_wconf 87' lang='lat' dir='ltr'><strong>vel</strong></span> <span class='ocrx_word' id='word_1_43' title='bbox 1192 582 1262 618; x_wconf 87' lang='lat' dir='ltr'><strong>alio</strong></span> <span class='ocrx_word' id='word_1_44' title='bbox 1289 589 1442 619; x_wconf 88' lang='lat' dir='ltr'><strong>auctore</strong></span> <span class='ocrx_word' id='word_1_45' title='bbox 1470 582 1733 628; x_wconf 85' lang='lat' dir='ltr'><strong>observatum,</strong></span> <span class='ocrx_word' id='word_1_46' title='bbox 1776 583 1820 620; x_wconf 89' lang='lat' dir='ltr'><strong>de</strong></span> <span class='ocrx_word' id='word_1_47' title='bbox 1850 575 1920 624; x_wconf 70' lang='lat' dir='ltr'><strong>liae</strong></span> <span class='ocrx_word' id='word_1_48' title='bbox 1946 602 2036 626; x_wconf 67' lang='lat' dir='ltr'><strong>vem</strong></span> <span class='ocrx_word' id='word_1_49' title='bbox 2064 590 2117 626; x_wconf 69' lang='lat' dir='ltr'><strong>nil</strong></span> 
     </span>
     <span class='ocr_line' id='line_1_5' title="bbox 176 646 2117 700; baseline 0.002 -12"><span class='ocrx_word' id='word_1_50' title='bbox 176 652 217 689; x_wconf 86' lang='lat' dir='ltr'><strong>in</strong></span> <span class='ocrx_word' id='word_1_51' title='bbox 243 651 392 700; x_wconf 85' lang='lat' dir='ltr'><strong>scriptis</strong></span> <span class='ocrx_word' id='word_1_52' title='bbox 417 658 558 696; x_wconf 83' lang='lat' dir='ltr'><strong>exstat,</strong></span> <span class='ocrx_word' id='word_1_53' title='bbox 608 656 645 685; x_wconf 88' lang='lat' dir='ltr'><strong>et</strong></span> <span class='ocrx_word' id='word_1_54' title='bbox 671 650 717 686; x_wconf 81' lang='lat' dir='ltr'><strong>cl.</strong></span> <span class='ocrx_word' id='word_1_55' title='bbox 746 651 1034 685; x_wconf 84' lang='lat' dir='ltr'><strong>Bremserus</strong></span> <span class='ocrx_word' id='word_1_56' title='bbox 1066 646 1128 691; x_wconf 91' lang='lat' dir='ltr'><strong>qui</strong></span> <span class='ocrx_word' id='word_1_57' title='bbox 1155 653 1233 682; x_wconf 89' lang='lat' dir='ltr'><strong>tam</strong></span> <span class='ocrx_word' id='word_1_58' title='bbox 1262 647 1397 682; x_wconf 87' lang='lat' dir='ltr'><strong>multos</strong></span> <span class='ocrx_word' id='word_1_59' title='bbox 1424 647 1764 697; x_wconf 86' lang='lat' dir='ltr'><strong>Echinorhynchos</strong></span> <span class='ocrx_word' id='word_1_60' title='bbox 1790 649 1889 687; x_wconf 86' lang='lat' dir='ltr'><strong>bulla</strong></span> <span class='ocrx_word' id='word_1_61' title='bbox 1916 652 2117 692; x_wconf 80' lang='lat' dir='ltr'><strong>instructos</strong></span> 
     </span>
     <span class='ocr_line' id='line_1_6' title="bbox 176 710 2117 764; baseline 0 -12"><span class='ocrx_word' id='word_1_62' title='bbox 176 716 359 764; x_wconf 85' lang='lat' dir='ltr'><strong>reperiit,</strong></span> <span class='ocrx_word' id='word_1_63' title='bbox 412 716 493 754; x_wconf 90' lang='lat' dir='ltr'><strong>illos</strong></span> <span class='ocrx_word' id='word_1_64' title='bbox 533 726 723 762; x_wconf 87' lang='lat' dir='ltr'><strong>nunquam</strong></span> <span class='ocrx_word' id='word_1_65' title='bbox 759 710 975 761; x_wconf 82' lang='lat' dir='ltr'><strong>proboscide</strong></span> <span class='ocrx_word' id='word_1_66' title='bbox 1012 718 1179 747; x_wconf 80' lang='lat' dir='ltr'><strong>retracta</strong></span> <span class='ocrx_word' id='word_1_67' title='bbox 1221 712 1440 757; x_wconf 87' lang='lat' dir='ltr'><strong>invenisse,</strong></span> <span class='ocrx_word' id='word_1_68' title='bbox 1492 711 1558 748; x_wconf 86' lang='lat' dir='ltr'><strong>sed</strong></span> <span class='ocrx_word' id='word_1_69' title='bbox 1600 725 1750 761; x_wconf 81' lang='lat' dir='ltr'><strong>semper</strong></span> <span class='ocrx_word' id='word_1_70' title='bbox 1788 714 2015 762; x_wconf 70' lang='lat' dir='ltr'><strong>proboscidis</strong></span> <span class='ocrx_word' id='word_1_71' title='bbox 2058 720 2117 755; x_wconf 79' lang='lat' dir='ltr'><strong>vel</strong></span> 
     </span>
     <span class='ocr_line' id='line_1_7' title="bbox 176 772 2118 829; baseline -0.003 -14"><span class='ocrx_word' id='word_1_72' title='bbox 176 780 295 816; x_wconf 85' lang='lat' dir='ltr'><strong>bullae</strong></span> <span class='ocrx_word' id='word_1_73' title='bbox 338 792 405 829; x_wconf 89' lang='lat' dir='ltr'><strong>ope</strong></span> <span class='ocrx_word' id='word_1_74' title='bbox 445 778 583 816; x_wconf 86' lang='lat' dir='ltr'><strong>tunicis</strong></span> <span class='ocrx_word' id='word_1_75' title='bbox 617 777 781 813; x_wconf 83' lang='lat' dir='ltr'><strong>firmiter</strong></span> <span class='ocrx_word' id='word_1_76' title='bbox 814 777 1058 812; x_wconf 81' lang='lat' dir='ltr'>inhaerentes</span> <span class='ocrx_word' id='word_1_77' title='bbox 1101 775 1295 813; x_wconf 84' lang='lat' dir='ltr'><strong>offendisse</strong></span> <span class='ocrx_word' id='word_1_78' title='bbox 1327 777 1449 813; x_wconf 83' lang='lat' dir='ltr'><strong>.mihi</strong></span> <span class='ocrx_word' id='word_1_79' title='bbox 1483 776 1651 816; x_wconf 82' lang='lat' dir='ltr'><strong>tradidit.</strong></span> <span class='ocrx_word' id='word_1_80' title='bbox 1728 776 1786 818; x_wconf 75' lang='lat' dir='ltr'><strong>Cl.</strong></span> <span class='ocrx_word' id='word_1_81' title='bbox 1815 772 2049 827; x_wconf 64' lang='lat' dir='ltr'><strong>Rudolpffl</strong></span> <span class='ocrx_word' id='word_1_82' title='bbox 2085 785 2118 827; x_wconf 81' lang='grc' dir='ltr'><strong>ι)</strong></span> 
     </span>
     <span class='ocr_line' id='line_1_8' title="bbox 174 840 2118 893; baseline -0.001 -13"><span class='ocrx_word' id='word_1_83' title='bbox 174 843 327 892; x_wconf 80' lang='lat' dir='ltr'><strong>quidem</strong></span> <span class='ocrx_word' id='word_1_84' title='bbox 354 843 590 893; x_wconf 86' lang='lat' dir='ltr'><strong>proboscides</strong></span> <span class='ocrx_word' id='word_1_85' title='bbox 615 840 1027 889; x_wconf 76' lang='lat' dir='ltr'><strong>Echinorhynchorum</strong></span> <span class='ocrx_word' id='word_1_86' title='bbox 1054 841 1330 890; x_wconf 77' lang='lat' dir='ltr'><strong>porrigentium</strong></span> <span class='ocrx_word' id='word_1_87' title='bbox 1358 841 1530 877; x_wconf 90' lang='lat' dir='ltr'><strong>omnium</strong></span> <span class='ocrx_word' id='word_1_88' title='bbox 1556 841 1616 876; x_wconf 89' lang='lat' dir='ltr'><strong>vel</strong></span> <span class='ocrx_word' id='word_1_89' title='bbox 1643 847 1737 877; x_wconf 84' lang='lat' dir='ltr'><strong>totas</strong></span> <span class='ocrx_word' id='word_1_90' title='bbox 1763 842 1824 877; x_wconf 90' lang='lat' dir='ltr'><strong>vel</strong></span> <span class='ocrx_word' id='word_1_91' title='bbox 1857 843 1979 891; x_wconf 81' lang='lat' dir='ltr'><strong>aliqua</strong></span> <span class='ocrx_word' id='word_1_92' title='bbox 2011 850 2118 891; x_wconf 86' lang='lat' dir='ltr'><strong>parte</strong></span> 
     </span>
     <span class='ocr_line' id='line_1_9' title="bbox 175 901 2118 956; baseline -0.003 -8"><span class='ocrx_word' id='word_1_93' title='bbox 175 918 324 948; x_wconf 82' lang='lat' dir='ltr'><strong>tantum</strong></span> <span class='ocrx_word' id='word_1_94' title='bbox 350 914 536 946; x_wconf 78' lang='lat' dir='ltr'><strong>retractas</strong></span> <span class='ocrx_word' id='word_1_95' title='bbox 563 906 796 950; x_wconf 82' lang='lat' dir='ltr'><strong>observavit,</strong></span> <span class='ocrx_word' id='word_1_96' title='bbox 848 906 986 943; x_wconf 82' lang='lat' dir='ltr'><strong>horum</strong></span> <span class='ocrx_word' id='word_1_97' title='bbox 1014 913 1142 941; x_wconf 82' lang='lat' dir='ltr'><strong>autem</strong></span> <span class='ocrx_word' id='word_1_98' title='bbox 1170 906 1308 956; x_wconf 79' lang='lat' dir='ltr'><strong>vagina</strong></span> <span class='ocrx_word' id='word_1_99' title='bbox 1333 913 1374 942; x_wconf 92' lang='lat' dir='ltr'><strong>ut</strong></span> <span class='ocrx_word' id='word_1_100' title='bbox 1401 917 1513 953; x_wconf 86' lang='lat' dir='ltr'><strong>supra</strong></span> <span class='ocrx_word' id='word_1_101' title='bbox 1541 904 1712 950; x_wconf 84' lang='lat' dir='ltr'><strong>exhibui,</strong></span> <span class='ocrx_word' id='word_1_102' title='bbox 1764 901 1802 941; x_wconf 87' lang='lat' dir='ltr'><strong>in</strong></span> <span class='ocrx_word' id='word_1_103' title='bbox 1838 906 1915 953; x_wconf 87' lang='lat' dir='ltr'><strong>ipso</strong></span> <span class='ocrx_word' id='word_1_104' title='bbox 1950 914 2118 955; x_wconf 81' lang='lat' dir='ltr'><strong>recepta-</strong></span> 
     </span>
     <span class='ocr_line' id='line_1_10' title="bbox 175 969 2119 1015; baseline -0.002 -4"><span class='ocrx_word' id='word_1_105' title='bbox 175 976 258 1012; x_wconf 92' lang='lat' dir='ltr'><strong>culo</strong></span> <span class='ocrx_word' id='word_1_106' title='bbox 282 975 324 1010; x_wconf 86' lang='lat' dir='ltr'><strong>in</strong></span> <span class='ocrx_word' id='word_1_107' title='bbox 348 971 639 1009; x_wconf 82' lang='lat' dir='ltr'><strong>fundibiliformi</strong></span> <span class='ocrx_word' id='word_1_108' title='bbox 671 977 728 1012; x_wconf 87' lang='lat' dir='ltr'><strong>est</strong></span> <span class='ocrx_word' id='word_1_109' title='bbox 753 971 874 1006; x_wconf 89' lang='lat' dir='ltr'><strong>locata</strong></span> <span class='ocrx_word' id='word_1_110' title='bbox 883 987 918 1015; x_wconf 55' lang='lat'><strong>,&gt;</strong></span> <span class='ocrx_word' id='word_1_111' title='bbox 947 969 1001 1005; x_wconf 82' lang='lat' dir='ltr'><strong>ita</strong></span> <span class='ocrx_word' id='word_1_112' title='bbox 1026 977 1067 1004; x_wconf 91' lang='lat' dir='ltr'><strong>ut</strong></span> <span class='ocrx_word' id='word_1_113' title='bbox 1093 969 1190 1006; x_wconf 90' lang='lat' dir='ltr'><strong>haec</strong></span> <span class='ocrx_word' id='word_1_114' title='bbox 1218 970 1427 1007; x_wconf 85' lang='lat' dir='ltr'><strong>observatio</strong></span> <span class='ocrx_word' id='word_1_115' title='bbox 1462 971 1562 1007; x_wconf 89' lang='lat' dir='ltr'><strong>nullo</strong></span> <span class='ocrx_word' id='word_1_116' title='bbox 1595 970 1705 1008; x_wconf 87' lang='lat' dir='ltr'><strong>modo</strong></span> <span class='ocrx_word' id='word_1_117' title='bbox 1738 970 1877 1008; x_wconf 83' lang='lat' dir='ltr'><strong>sufficit</strong></span> <span class='ocrx_word' id='word_1_118' title='bbox 1905 971 1950 1007; x_wconf 82' lang='lat' dir='ltr'><strong>ad</strong></span> <span class='ocrx_word' id='word_1_119' title='bbox 1981 983 2044 1009; x_wconf 86' lang='lat' dir='ltr'><strong>me</strong></span> <span class='ocrx_word' id='word_1_120' title='bbox 2080 973 2119 1008; x_wconf 88' lang='lat' dir='ltr'><strong>in</strong></span> 
     </span>
     <span class='ocr_line' id='line_1_11' title="bbox 174 1034 2117 1084; baseline -0.002 -10"><span class='ocrx_word' id='word_1_121' title='bbox 174 1049 323 1075; x_wconf 87' lang='lat' dir='ltr'><strong>errores</strong></span> <span class='ocrx_word' id='word_1_122' title='bbox 348 1035 526 1073; x_wconf 84' lang='lat' dir='ltr'><strong>incidisse</strong></span> <span class='ocrx_word' id='word_1_123' title='bbox 552 1034 855 1076; x_wconf 79' lang='lat' dir='ltr'><strong>monstrandum,</strong></span> <span class='ocrx_word' id='word_1_124' title='bbox 908 1034 1006 1070; x_wconf 86' lang='lat' dir='ltr'><strong>Tum</strong></span> <span class='ocrx_word' id='word_1_125' title='bbox 1031 1042 1229 1081; x_wconf 86' lang='lat' dir='ltr'><strong>praeterea</strong></span> <span class='ocrx_word' id='word_1_126' title='bbox 1256 1035 1571 1084; x_wconf 84' lang='lat' dir='ltr'><strong>Echinorhynchi</strong></span> <span class='ocrx_word' id='word_1_127' title='bbox 1597 1035 1707 1071; x_wconf 89' lang='lat' dir='ltr'><strong>modo</strong></span> <span class='ocrx_word' id='word_1_128' title='bbox 1735 1034 1846 1081; x_wconf 88' lang='lat' dir='ltr'><strong>dicti,</strong></span> <span class='ocrx_word' id='word_1_129' title='bbox 1898 1036 2117 1084; x_wconf 81' lang='lat' dir='ltr'><strong>plerumque</strong></span> 
     </span>
     <span class='ocr_line' id='line_1_12' title="bbox 171 1098 2117 1150; baseline 0 -11"><span class='ocrx_word' id='word_1_130' title='bbox 171 1100 438 1139; x_wconf 79' lang='lat' dir='ltr'><strong>intestinorum</strong></span> <span class='ocrx_word' id='word_1_131' title='bbox 464 1101 602 1137; x_wconf 88' lang='lat' dir='ltr'><strong>tunicis</strong></span> <span class='ocrx_word' id='word_1_132' title='bbox 637 1100 838 1148; x_wconf 84' lang='lat' dir='ltr'><strong>perforatis</strong></span> <span class='ocrx_word' id='word_1_133' title='bbox 871 1100 923 1135; x_wconf 89' lang='lat' dir='ltr'><strong>ita</strong></span> <span class='ocrx_word' id='word_1_134' title='bbox 955 1098 1119 1134; x_wconf 83' lang='lat' dir='ltr'><strong>firmiter</strong></span> <span class='ocrx_word' id='word_1_135' title='bbox 1150 1098 1208 1134; x_wconf 89' lang='lat' dir='ltr'><strong>his</strong></span> <span class='ocrx_word' id='word_1_136' title='bbox 1235 1099 1457 1144; x_wconf 82' lang='lat' dir='ltr'><strong>inhaerent,</strong></span> <span class='ocrx_word' id='word_1_137' title='bbox 1511 1107 1553 1134; x_wconf 89' lang='lat' dir='ltr'><strong>ut</strong></span> <span class='ocrx_word' id='word_1_138' title='bbox 1578 1101 1806 1147; x_wconf 87' lang='lat' dir='ltr'><strong>praesertim</strong></span> <span class='ocrx_word' id='word_1_139' title='bbox 1833 1100 1879 1137; x_wconf 84' lang='lat' dir='ltr'><strong>de</strong></span> <span class='ocrx_word' id='word_1_140' title='bbox 1906 1101 1979 1137; x_wconf 71' lang='lat' dir='ltr'><strong>illis</strong></span> <span class='ocrx_word' id='word_1_141' title='bbox 2006 1114 2117 1150; x_wconf 86' lang='lat' dir='ltr'><strong>supra</strong></span> 
     </span>
     <span class='ocr_line' id='line_1_13' title="bbox 173 1164 1907 1213; baseline -0.001 -11"><span class='ocrx_word' id='word_1_142' title='bbox 173 1165 333 1203; x_wconf 80' lang='lat' dir='ltr'><strong>adducta</strong></span> <span class='ocrx_word' id='word_1_143' title='bbox 358 1167 528 1211; x_wconf 86' lang='lat' dir='ltr'><strong>valeant,</strong></span> <span class='ocrx_word' id='word_1_144' title='bbox 579 1164 944 1212; x_wconf 85' lang='lat' dir='ltr'><strong>Echinorhynchum</strong></span> <span class='ocrx_word' id='word_1_145' title='bbox 971 1165 1118 1200; x_wconf 85' lang='lat' dir='ltr'><strong>scilicet</strong></span> <span class='ocrx_word' id='word_1_146' title='bbox 1144 1164 1272 1211; x_wconf 86' lang='lat' dir='ltr'><strong>locum</strong></span> <span class='ocrx_word' id='word_1_147' title='bbox 1298 1172 1448 1201; x_wconf 89' lang='lat' dir='ltr'><strong>mutare</strong></span> <span class='ocrx_word' id='word_1_148' title='bbox 1477 1164 1578 1202; x_wconf 88' lang='lat' dir='ltr'><strong>haud</strong></span> <span class='ocrx_word' id='word_1_149' title='bbox 1605 1175 1726 1213; x_wconf 76' lang='lat' dir='ltr'><strong>posse.</strong></span> <span class='ocrx_word' id='word_1_150' title='bbox 1904 1170 1907 1174; x_wconf 83' lang='lat'><strong>‘</strong></span> 
     </span>
    </p>
   </div>
   <div class='ocr_carea' id='block_1_2' title="bbox 486 1312 1791 1378">
    <p class='ocr_par' dir='ltr' id='par_1_2' title="bbox 486 1312 1791 1378">
     <span class='ocr_line' id='line_1_14' title="bbox 486 1312 1791 1378; baseline -0.001 -19"><span class='ocrx_word' id='word_1_151' title='bbox 486 1315 836 1378; x_wconf 18' lang='lat' dir='ltr'><strong>Echi—norum</strong></span> <span class='ocrx_word' id='word_1_152' title='bbox 873 1327 1010 1356; x_wconf 86' lang='lat' dir='ltr'><strong>usus</strong></span> <span class='ocrx_word' id='word_1_153' title='bbox 1054 1338 1113 1346; x_wconf 94' lang='lat'><strong>—</strong></span> <span class='ocrx_word' id='word_1_154' title='bbox 1173 1314 1540 1357; x_wconf 84' lang='lat' dir='ltr'><strong>Nutritionis</strong></span> <span class='ocrx_word' id='word_1_155' title='bbox 1572 1312 1791 1358; x_wconf 87' lang='lat' dir='ltr'><strong>modus.</strong></span> 
     </span>
    </p>
   </div>
   <div class='ocr_carea' id='block_1_3' title="bbox 164 1387 2118 2675">
    <p class='ocr_par' dir='ltr' id='par_1_3' title="bbox 169 1387 2118 1633">
     <span class='ocr_line' id='line_1_15' title="bbox 321 1387 2118 1454; baseline 0 -14"><span class='ocrx_word' id='word_1_156' title='bbox 321 1403 559 1454; x_wconf 80' lang='lat' dir='ltr'><strong>Organorum</strong></span> <span class='ocrx_word' id='word_1_157' title='bbox 586 1387 781 1442; x_wconf 82' lang='lat' dir='ltr'><strong>nutritioni</strong></span> <span class='ocrx_word' id='word_1_158' title='bbox 807 1399 1098 1435; x_wconf 81' lang='lat' dir='ltr'><strong>inservientium</strong></span> <span class='ocrx_word' id='word_1_159' title='bbox 1125 1399 1256 1437; x_wconf 83' lang='lat' dir='ltr'><strong>officiis</strong></span> <span class='ocrx_word' id='word_1_160' title='bbox 1284 1401 1342 1437; x_wconf 92' lang='lat' dir='ltr'><strong>his</strong></span> <span class='ocrx_word' id='word_1_161' title='bbox 1374 1401 1414 1437; x_wconf 86' lang='lat' dir='ltr'><strong>in</strong></span> <span class='ocrx_word' id='word_1_162' title='bbox 1449 1402 1641 1438; x_wconf 78' lang='lat' dir='ltr'><strong>vermibus</strong></span> <span class='ocrx_word' id='word_1_163' title='bbox 1676 1402 1762 1438; x_wconf 90' lang='lat' dir='ltr'><strong>tubo</strong></span> <span class='ocrx_word' id='word_1_164' title='bbox 1796 1402 2000 1440; x_wconf 82' lang='lat' dir='ltr'><strong>intestinali</strong></span> <span class='ocrx_word' id='word_1_165' title='bbox 2038 1418 2118 1452; x_wconf 88' lang='lat' dir='ltr'><strong>pro·-</strong></span> 
     </span>
     <span class='ocr_line' id='line_1_16' title="bbox 170 1464 2118 1517; baseline -0.001 -12"><span class='ocrx_word' id='word_1_166' title='bbox 170 1469 253 1517; x_wconf 82' lang='lat' dir='ltr'><strong>prie</strong></span> <span class='ocrx_word' id='word_1_167' title='bbox 280 1468 335 1505; x_wconf 88' lang='lat' dir='ltr'><strong>sic</strong></span> <span class='ocrx_word' id='word_1_168' title='bbox 362 1468 461 1504; x_wconf 88' lang='lat' dir='ltr'><strong>dicto</strong></span> <span class='ocrx_word' id='word_1_169' title='bbox 488 1465 676 1502; x_wconf 87' lang='lat' dir='ltr'><strong>destitutis</strong></span> <span class='ocrx_word' id='word_1_170' title='bbox 702 1464 912 1513; x_wconf 82' lang='lat' dir='ltr'><strong>probosciS,</strong></span> <span class='ocrx_word' id='word_1_171' title='bbox 965 1465 1164 1510; x_wconf 83' lang='lat' dir='ltr'><strong>lemnisci,</strong></span> <span class='ocrx_word' id='word_1_172' title='bbox 1217 1472 1254 1502; x_wconf 86' lang='lat' dir='ltr'><strong>et</strong></span> <span class='ocrx_word' id='word_1_173' title='bbox 1280 1465 1377 1502; x_wconf 86' lang='lat' dir='ltr'><strong>retia</strong></span> <span class='ocrx_word' id='word_1_174' title='bbox 1400 1478 1580 1502; x_wconf 84' lang='lat' dir='ltr'><strong>vasorum</strong></span> <span class='ocrx_word' id='word_1_175' title='bbox 1606 1466 1769 1513; x_wconf 85' lang='lat' dir='ltr'><strong>undique</strong></span> <span class='ocrx_word' id='word_1_176' title='bbox 1798 1468 1963 1514; x_wconf 86' lang='lat' dir='ltr'><strong>corporis</strong></span> <span class='ocrx_word' id='word_1_177' title='bbox 1998 1481 2118 1504; x_wconf 81' lang='lat' dir='ltr'><strong>meni-</strong></span> 
     </span>
     <span class='ocr_line' id='line_1_17' title="bbox 169 1530 2118 1580; baseline 0.001 -12"><span class='ocrx_word' id='word_1_178' title='bbox 169 1532 305 1569; x_wconf 79' lang='lat' dir='ltr'><strong>branas</strong></span> <span class='ocrx_word' id='word_1_179' title='bbox 331 1532 585 1580; x_wconf 87' lang='lat' dir='ltr'><strong>perreptantia</strong></span> <span class='ocrx_word' id='word_1_180' title='bbox 613 1530 844 1578; x_wconf 78' lang='lat' dir='ltr'><strong>funguntur,</strong></span> <span class='ocrx_word' id='word_1_181' title='bbox 900 1536 1100 1576; x_wconf 83' lang='lat' dir='ltr'><strong>antequam</strong></span> <span class='ocrx_word' id='word_1_182' title='bbox 1126 1542 1215 1564; x_wconf 89' lang='lat' dir='ltr'><strong>vero</strong></span> <span class='ocrx_word' id='word_1_183' title='bbox 1243 1530 1456 1566; x_wconf 76' lang='lat' dir='ltr'><strong>nutritionis</strong></span> <span class='ocrx_word' id='word_1_184' title='bbox 1487 1530 1644 1567; x_wconf 86' lang='lat' dir='ltr'><strong>modum</strong></span> <span class='ocrx_word' id='word_1_185' title='bbox 1681 1531 1889 1578; x_wconf 81' lang='lat' dir='ltr'><strong>explicem,</strong></span> <span class='ocrx_word' id='word_1_186' title='bbox 1944 1535 2118 1570; x_wconf 85' lang='lat' dir='ltr'><strong>nonnulla</strong></span> 
     </span>
     <span class='ocr_line' id='line_1_18' title="bbox 169 1592 1060 1633; baseline -0.002 -1"><span class='ocrx_word' id='word_1_187' title='bbox 169 1596 268 1632; x_wconf 84' lang='lat' dir='ltr'><strong>mihi</strong></span> <span class='ocrx_word' id='word_1_188' title='bbox 294 1596 339 1632; x_wconf 90' lang='lat' dir='ltr'><strong>de</strong></span> <span class='ocrx_word' id='word_1_189' title='bbox 367 1597 592 1633; x_wconf 76' lang='lat' dir='ltr'><strong>echinorum</strong></span> <span class='ocrx_word' id='word_1_190' title='bbox 619 1606 688 1629; x_wconf 87' lang='lat' dir='ltr'><strong>usu</strong></span> <span class='ocrx_word' id='word_1_191' title='bbox 717 1592 936 1629; x_wconf 81' lang='lat' dir='ltr'><strong>adducenda</strong></span> <span class='ocrx_word' id='word_1_192' title='bbox 962 1600 1060 1630; x_wconf 85' lang='lat' dir='ltr'><strong>sunt.</strong></span> 
     </span>
    </p>

    <p class='ocr_par' dir='ltr' id='par_1_4' title="bbox 168 1656 2116 1962">
     <span class='ocr_line' id='line_1_19' title="bbox 320 1656 2116 1698; baseline 0.002 -3"><span class='ocrx_word' id='word_1_193' title='bbox 320 1660 439 1697; x_wconf 88' lang='lat' dir='ltr'><strong>Usum</strong></span> <span class='ocrx_word' id='word_1_194' title='bbox 473 1670 660 1695; x_wconf 86' lang='lat' dir='ltr'><strong>uncorum</strong></span> <span class='ocrx_word' id='word_1_195' title='bbox 693 1656 731 1692; x_wconf 88' lang='lat' dir='ltr'><strong>in</strong></span> <span class='ocrx_word' id='word_1_196' title='bbox 765 1656 937 1692; x_wconf 88' lang='lat' dir='ltr'><strong>omnibus</strong></span> <span class='ocrx_word' id='word_1_197' title='bbox 967 1657 1249 1694; x_wconf 89' lang='lat' dir='ltr'><strong>Helminthibus</strong></span> <span class='ocrx_word' id='word_1_198' title='bbox 1282 1657 1420 1694; x_wconf 87' lang='lat' dir='ltr'><strong>iisdem</strong></span> <span class='ocrx_word' id='word_1_199' title='bbox 1455 1659 1614 1695; x_wconf 84' lang='lat' dir='ltr'><strong>armatis</strong></span> <span class='ocrx_word' id='word_1_200' title='bbox 1655 1659 1725 1694; x_wconf 86' lang='lat' dir='ltr'><strong>sibi</strong></span> <span class='ocrx_word' id='word_1_201' title='bbox 1760 1660 1912 1696; x_wconf 89' lang='lat' dir='ltr'><strong>omnino</strong></span> <span class='ocrx_word' id='word_1_202' title='bbox 1948 1662 2116 1698; x_wconf 85' lang='lat' dir='ltr'><strong>similem</strong></span> 
     </span>
     <span class='ocr_line' id='line_1_20' title="bbox 170 1707 2114 1771; baseline -0.001 -9"><span class='ocrx_word' id='word_1_203' title='bbox 170 1737 252 1762; x_wconf 87' lang='lat' dir='ltr'><strong>esse</strong></span> <span class='ocrx_word' id='word_1_204' title='bbox 288 1738 361 1761; x_wconf 90' lang='lat' dir='ltr'><strong>non</strong></span> <span class='ocrx_word' id='word_1_205' title='bbox 396 1732 452 1760; x_wconf 92' lang='lat' dir='ltr'><strong>est</strong></span> <span class='ocrx_word' id='word_1_206' title='bbox 481 1722 576 1771; x_wconf 87' lang='lat' dir='ltr'><strong>quod</strong></span> <span class='ocrx_word' id='word_1_207' title='bbox 609 1721 842 1766; x_wconf 87' lang='lat' dir='ltr'><strong>dubitemus,</strong></span> <span class='ocrx_word' id='word_1_208' title='bbox 895 1728 932 1757; x_wconf 91' lang='lat' dir='ltr'><strong>et</strong></span> <span class='ocrx_word' id='word_1_209' title='bbox 965 1722 1019 1767; x_wconf 86' lang='lat' dir='ltr'><strong>sic</strong></span> <span class='ocrx_word' id='word_1_210' title='bbox 1053 1722 1092 1758; x_wconf 90' lang='lat' dir='ltr'><strong>in</strong></span> <span class='ocrx_word' id='word_1_211' title='bbox 1127 1722 1459 1771; x_wconf 81' lang='lat' dir='ltr'><strong>Echinorhynchis</strong></span> <span class='ocrx_word' id='word_1_212' title='bbox 1503 1721 1637 1770; x_wconf 84' lang='lat' dir='ltr'><strong>duplex</strong></span> <span class='ocrx_word' id='word_1_213' title='bbox 1670 1722 1765 1758; x_wconf 86' lang='lat' dir='ltr'><strong>mihi</strong></span> <span class='ocrx_word' id='word_1_214' title='bbox 1808 1707 1978 1769; x_wconf 66' lang='lat' dir='ltr'><strong>videtur,</strong></span> <span class='ocrx_word' id='word_1_215' title='bbox 2033 1733 2114 1761; x_wconf 83' lang='lat' dir='ltr'><strong>tum</strong></span> 
     </span>
     <span class='ocr_line' id='line_1_21' title="bbox 170 1785 2115 1831; baseline 0.001 -5"><span class='ocrx_word' id='word_1_216' title='bbox 170 1790 318 1826; x_wconf 89' lang='lat' dir='ltr'><strong>scilicet</strong></span> <span class='ocrx_word' id='word_1_217' title='bbox 355 1787 573 1826; x_wconf 85' lang='lat' dir='ltr'><strong>adhaesioni</strong></span> <span class='ocrx_word' id='word_1_218' title='bbox 615 1785 826 1822; x_wconf 80' lang='lat' dir='ltr'><strong>inserviunt</strong></span> <span class='ocrx_word' id='word_1_219' title='bbox 865 1792 901 1820; x_wconf 88' lang='lat' dir='ltr'><strong>et</strong></span> <span class='ocrx_word' id='word_1_220' title='bbox 934 1785 1170 1823; x_wconf 89' lang='lat' dir='ltr'><strong>domicilium</strong></span> <span class='ocrx_word' id='word_1_221' title='bbox 1211 1795 1386 1831; x_wconf 86' lang='lat' dir='ltr'><strong>tuuntur,</strong></span> <span class='ocrx_word' id='word_1_222' title='bbox 1439 1793 1520 1822; x_wconf 90' lang='lat' dir='ltr'><strong>tum</strong></span> <span class='ocrx_word' id='word_1_223' title='bbox 1553 1800 1643 1822; x_wconf 84' lang='lat' dir='ltr'><strong>vero</strong></span> <span class='ocrx_word' id='word_1_224' title='bbox 1679 1788 1890 1824; x_wconf 79' lang='lat' dir='ltr'><strong>irritatione</strong></span> <span class='ocrx_word' id='word_1_225' title='bbox 1925 1790 2115 1827; x_wconf 78' lang='lat' dir='ltr'><strong>adssuxuni</strong></span> 
     </span>
     <span class='ocr_line' id='line_1_22' title="bbox 168 1849 2114 1901; baseline 0.002 -12"><span class='ocrx_word' id='word_1_226' title='bbox 168 1853 374 1890; x_wconf 90' lang='lat' dir='ltr'><strong>humorum</strong></span> <span class='ocrx_word' id='word_1_227' title='bbox 403 1858 556 1901; x_wconf 76' lang='lat' dir='ltr'><strong>augent,</strong></span> <span class='ocrx_word' id='word_1_228' title='bbox 609 1850 668 1886; x_wconf 91' lang='lat' dir='ltr'><strong>De</strong></span> <span class='ocrx_word' id='word_1_229' title='bbox 697 1849 820 1897; x_wconf 85' lang='lat' dir='ltr'><strong>primo</strong></span> <span class='ocrx_word' id='word_1_230' title='bbox 846 1861 916 1884; x_wconf 89' lang='lat' dir='ltr'><strong>usu</strong></span> <span class='ocrx_word' id='word_1_231' title='bbox 944 1851 1142 1886; x_wconf 82' lang='lat' dir='ltr'><strong>constituto</strong></span> <span class='ocrx_word' id='word_1_232' title='bbox 1170 1852 1263 1888; x_wconf 85' lang='lat' dir='ltr'><strong>nihil</strong></span> <span class='ocrx_word' id='word_1_233' title='bbox 1298 1859 1353 1888; x_wconf 90' lang='lat' dir='ltr'><strong>est</strong></span> <span class='ocrx_word' id='word_1_234' title='bbox 1389 1851 1485 1899; x_wconf 85' lang='lat' dir='ltr'><strong>quod</strong></span> <span class='ocrx_word' id='word_1_235' title='bbox 1518 1864 1697 1888; x_wconf 88' lang='lat' dir='ltr'><strong>moneam</strong></span> <span class='ocrx_word' id='word_1_236' title='bbox 1732 1866 1820 1889; x_wconf 88' lang='lat' dir='ltr'><strong>cum</strong></span> <span class='ocrx_word' id='word_1_237' title='bbox 1847 1855 1989 1892; x_wconf 81' lang='lat' dir='ltr'><strong>veritas</strong></span> <span class='ocrx_word' id='word_1_238' title='bbox 2016 1856 2114 1893; x_wconf 87' lang='lat' dir='ltr'><strong>illius</strong></span> 
     </span>
     <span class='ocr_line' id='line_1_23' title="bbox 169 1915 1231 1962; baseline -0.001 -9"><span class='ocrx_word' id='word_1_239' title='bbox 169 1917 259 1955; x_wconf 81' lang='lat' dir='ltr'><strong>satis</strong></span> <span class='ocrx_word' id='word_1_240' title='bbox 285 1916 439 1961; x_wconf 83' lang='lat' dir='ltr'><strong>fulcita,</strong></span> <span class='ocrx_word' id='word_1_241' title='bbox 492 1915 537 1951; x_wconf 89' lang='lat' dir='ltr'><strong>de</strong></span> <span class='ocrx_word' id='word_1_242' title='bbox 564 1915 741 1950; x_wconf 89' lang='lat' dir='ltr'><strong>ultoriore</strong></span> <span class='ocrx_word' id='word_1_243' title='bbox 767 1927 857 1950; x_wconf 89' lang='lat' dir='ltr'><strong>vero</strong></span> <span class='ocrx_word' id='word_1_244' title='bbox 877 1916 1002 1962; x_wconf 68' lang='lat' dir='ltr'><strong>&#39;pauca</strong></span> <span class='ocrx_word' id='word_1_245' title='bbox 1030 1916 1231 1956; x_wconf 74' lang='lat' dir='ltr'><strong>monenda,</strong></span> 
     </span>
    </p>

    <p class='ocr_par' dir='ltr' id='par_1_5' title="bbox 164 1979 2115 2675">
     <span class='ocr_line' id='line_1_24' title="bbox 318 1979 2115 2032; baseline 0.002 -14"><span class='ocrx_word' id='word_1_246' title='bbox 318 1981 458 2018; x_wconf 89' lang='lat' dir='ltr'><strong>Echini</strong></span> <span class='ocrx_word' id='word_1_247' title='bbox 484 1981 588 2017; x_wconf 89' lang='lat' dir='ltr'><strong>enim</strong></span> <span class='ocrx_word' id='word_1_248' title='bbox 614 1980 654 2016; x_wconf 91' lang='lat' dir='ltr'><strong>in</strong></span> <span class='ocrx_word' id='word_1_249' title='bbox 681 1979 853 2015; x_wconf 89' lang='lat' dir='ltr'><strong>omnibus</strong></span> <span class='ocrx_word' id='word_1_250' title='bbox 880 1979 1163 2016; x_wconf 88' lang='lat' dir='ltr'><strong>Helminthibus</strong></span> <span class='ocrx_word' id='word_1_251' title='bbox 1191 1980 1249 2016; x_wconf 91' lang='lat' dir='ltr'><strong>his</strong></span> <span class='ocrx_word' id='word_1_252' title='bbox 1278 1979 1434 2015; x_wconf 75' lang='lat' dir='ltr'><strong>armatis</strong></span> <span class='ocrx_word' id='word_1_253' title='bbox 1462 1979 1613 2029; x_wconf 78' lang='lat' dir='ltr'><strong>organis</strong></span> <span class='ocrx_word' id='word_1_254' title='bbox 1640 1980 1814 2017; x_wconf 89' lang='lat' dir='ltr'><strong>suctoriis</strong></span> <span class='ocrx_word' id='word_1_255' title='bbox 1841 1989 1921 2019; x_wconf 89' lang='lat' dir='ltr'><strong>tam</strong></span> <span class='ocrx_word' id='word_1_256' title='bbox 1949 1985 2115 2032; x_wconf 77' lang='lat' dir='ltr'><strong>proximi</strong></span> 
     </span>
     <span class='ocr_line' id='line_1_25' title="bbox 168 2043 2114 2097; baseline 0.001 -13"><span class='ocrx_word' id='word_1_257' title='bbox 168 2047 340 2092; x_wconf 79' lang='lat' dir='ltr'><strong>adstant,</strong></span> <span class='ocrx_word' id='word_1_258' title='bbox 393 2058 465 2095; x_wconf 86' lang='lat' dir='ltr'><strong>qua</strong></span> <span class='ocrx_word' id='word_1_259' title='bbox 491 2058 538 2081; x_wconf 82' lang='lat' dir='ltr'><strong>ex</strong></span> <span class='ocrx_word' id='word_1_260' title='bbox 565 2044 801 2092; x_wconf 84' lang='lat' dir='ltr'><strong>dispositione</strong></span> <span class='ocrx_word' id='word_1_261' title='bbox 828 2043 1032 2091; x_wconf 89' lang='lat' dir='ltr'><strong>petendum</strong></span> <span class='ocrx_word' id='word_1_262' title='bbox 1059 2051 1167 2092; x_wconf 85' lang='lat' dir='ltr'><strong>atque</strong></span> <span class='ocrx_word' id='word_1_263' title='bbox 1190 2043 1432 2080; x_wconf 86' lang='lat' dir='ltr'><strong>statuendum</strong></span> <span class='ocrx_word' id='word_1_264' title='bbox 1459 2044 1557 2080; x_wconf 89' lang='lat' dir='ltr'><strong>mihi</strong></span> <span class='ocrx_word' id='word_1_265' title='bbox 1582 2044 1754 2090; x_wconf 85' lang='lat' dir='ltr'><strong>videtur,</strong></span> <span class='ocrx_word' id='word_1_266' title='bbox 1804 2046 1886 2082; x_wconf 87' lang='lat' dir='ltr'><strong>illos</strong></span> <span class='ocrx_word' id='word_1_267' title='bbox 1917 2047 1954 2083; x_wconf 90' lang='lat' dir='ltr'><strong>in</strong></span> <span class='ocrx_word' id='word_1_268' title='bbox 1991 2049 2114 2097; x_wconf 79' lang='lat' dir='ltr'><strong>gratia</strong></span> 
     </span>
     <span class='ocr_line' id='line_1_26' title="bbox 168 2108 2113 2162; baseline -0.001 -13"><span class='ocrx_word' id='word_1_269' title='bbox 168 2123 400 2162; x_wconf 80' lang='lat' dir='ltr'><strong>organorum</strong></span> <span class='ocrx_word' id='word_1_270' title='bbox 434 2110 650 2160; x_wconf 82' lang='lat' dir='ltr'><strong>sugentium</strong></span> <span class='ocrx_word' id='word_1_271' title='bbox 684 2109 736 2144; x_wconf 88' lang='lat' dir='ltr'><strong>ita</strong></span> <span class='ocrx_word' id='word_1_272' title='bbox 770 2108 952 2144; x_wconf 84' lang='lat' dir='ltr'><strong>formatos</strong></span> <span class='ocrx_word' id='word_1_273' title='bbox 988 2121 1090 2154; x_wconf 89' lang='lat' dir='ltr'><strong>esse,</strong></span> <span class='ocrx_word' id='word_1_274' title='bbox 1139 2116 1180 2145; x_wconf 90' lang='lat' dir='ltr'><strong>ut</strong></span> <span class='ocrx_word' id='word_1_275' title='bbox 1211 2108 1348 2145; x_wconf 82' lang='lat' dir='ltr'><strong>horum</strong></span> <span class='ocrx_word' id='word_1_276' title='bbox 1382 2108 1618 2144; x_wconf 88' lang='lat' dir='ltr'><strong>functionem</strong></span> <span class='ocrx_word' id='word_1_277' title='bbox 1652 2108 1864 2146; x_wconf 82' lang='lat' dir='ltr'><strong>irritatione</strong></span> <span class='ocrx_word' id='word_1_278' title='bbox 1898 2111 2014 2159; x_wconf 86' lang='lat' dir='ltr'><strong>partis</strong></span> <span class='ocrx_word' id='word_1_279' title='bbox 2051 2113 2113 2148; x_wconf 89' lang='lat' dir='ltr'><strong>cui</strong></span> 
     </span>
     <span class='ocr_line' id='line_1_27' title="bbox 164 2171 2113 2224; baseline 0 -12"><span class='ocrx_word' id='word_1_280' title='bbox 164 2176 312 2212; x_wconf 81' lang='lat' dir='ltr'><strong>vermis</strong></span> <span class='ocrx_word' id='word_1_281' title='bbox 339 2175 521 2211; x_wconf 85' lang='lat' dir='ltr'><strong>adhaeret</strong></span> <span class='ocrx_word' id='word_1_282' title='bbox 548 2179 775 2218; x_wconf 86' lang='lat' dir='ltr'><strong>sustentent,</strong></span> <span class='ocrx_word' id='word_1_283' title='bbox 809 2185 855 2208; x_wconf 91' lang='lat' dir='ltr'><strong>ne</strong></span> <span class='ocrx_word' id='word_1_284' title='bbox 883 2171 1010 2209; x_wconf 83' lang='lat' dir='ltr'><strong>dicam</strong></span> <span class='ocrx_word' id='word_1_285' title='bbox 1036 2181 1213 2223; x_wconf 70' lang='lat' dir='ltr'><strong>augeant.</strong></span> <span class='ocrx_word' id='word_1_286' title='bbox 1265 2172 1479 2208; x_wconf 83' lang='lat' dir='ltr'><strong>Irritatione</strong></span> <span class='ocrx_word' id='word_1_287' title='bbox 1514 2172 1587 2209; x_wconf 92' lang='lat' dir='ltr'><strong>hac</strong></span> <span class='ocrx_word' id='word_1_288' title='bbox 1621 2173 1821 2221; x_wconf 83' lang='lat' dir='ltr'><strong>praecipue</strong></span> <span class='ocrx_word' id='word_1_289' title='bbox 1849 2175 2113 2224; x_wconf 84' lang='lat' dir='ltr'><strong>Echinorhyn-</strong></span> 
     </span>
     <span class='ocr_line' id='line_1_28' title="bbox 169 2237 2109 2290; baseline -0.002 -11"><span class='ocrx_word' id='word_1_290' title='bbox 169 2243 251 2279; x_wconf 89' lang='lat' dir='ltr'><strong>chis</strong></span> <span class='ocrx_word' id='word_1_291' title='bbox 287 2254 376 2290; x_wconf 87' lang='lat' dir='ltr'><strong>opus</strong></span> <span class='ocrx_word' id='word_1_292' title='bbox 410 2247 489 2285; x_wconf 89' lang='lat' dir='ltr'><strong>est,</strong></span> <span class='ocrx_word' id='word_1_293' title='bbox 542 2252 630 2276; x_wconf 90' lang='lat' dir='ltr'><strong>cum</strong></span> <span class='ocrx_word' id='word_1_294' title='bbox 663 2240 784 2275; x_wconf 88' lang='lat' dir='ltr'><strong>solum</strong></span> <span class='ocrx_word' id='word_1_295' title='bbox 819 2237 1045 2285; x_wconf 87' lang='lat' dir='ltr'><strong>proboscidis</strong></span> <span class='ocrx_word' id='word_1_296' title='bbox 1065 2245 1117 2274; x_wconf 65' lang='lat' dir='ltr'><strong>xet</strong></span> <span class='ocrx_word' id='word_1_297' title='bbox 1149 2238 1306 2286; x_wconf 87' lang='lat' dir='ltr'><strong>papillae</strong></span> <span class='ocrx_word' id='word_1_298' title='bbox 1340 2239 1380 2274; x_wconf 89' lang='lat' dir='ltr'><strong>in</strong></span> <span class='ocrx_word' id='word_1_299' title='bbox 1412 2237 1485 2273; x_wconf 87' lang='lat' dir='ltr'><strong>hac</strong></span> <span class='ocrx_word' id='word_1_300' title='bbox 1519 2237 1742 2285; x_wconf 85' lang='lat' dir='ltr'><strong>conspicuae</strong></span> <span class='ocrx_word' id='word_1_301' title='bbox 1777 2251 1842 2286; x_wconf 89' lang='lat' dir='ltr'><strong>ope</strong></span> <span class='ocrx_word' id='word_1_302' title='bbox 1878 2241 2109 2286; x_wconf 84' lang='lat' dir='ltr'><strong>nutriuntur,</strong></span> 
     </span>
     <span class='ocr_line' id='line_1_29' title="bbox 168 2302 2112 2357; baseline -0.002 -13"><span class='ocrx_word' id='word_1_303' title='bbox 168 2321 264 2357; x_wconf 89' lang='lat' dir='ltr'><strong>quae</strong></span> <span class='ocrx_word' id='word_1_304' title='bbox 293 2314 420 2344; x_wconf 86' lang='lat' dir='ltr'><strong>autem</strong></span> <span class='ocrx_word' id='word_1_305' title='bbox 447 2307 486 2342; x_wconf 89' lang='lat' dir='ltr'><strong>in</strong></span> <span class='ocrx_word' id='word_1_306' title='bbox 511 2304 685 2353; x_wconf 86' lang='lat' dir='ltr'><strong>plurimis</strong></span> <span class='ocrx_word' id='word_1_307' title='bbox 711 2304 765 2340; x_wconf 89' lang='lat' dir='ltr'><strong>ita</strong></span> <span class='ocrx_word' id='word_1_308' title='bbox 785 2316 902 2351; x_wconf 86' lang='lat' dir='ltr'><strong>parva</strong></span> <span class='ocrx_word' id='word_1_309' title='bbox 937 2311 974 2339; x_wconf 90' lang='lat' dir='ltr'><strong>et</strong></span> <span class='ocrx_word' id='word_1_310' title='bbox 1008 2303 1156 2339; x_wconf 87' lang='lat' dir='ltr'><strong>minuta</strong></span> <span class='ocrx_word' id='word_1_311' title='bbox 1190 2310 1246 2338; x_wconf 93' lang='lat' dir='ltr'><strong>est</strong></span> <span class='ocrx_word' id='word_1_312' title='bbox 1280 2310 1321 2338; x_wconf 91' lang='lat' dir='ltr'><strong>ut</strong></span> <span class='ocrx_word' id='word_1_313' title='bbox 1353 2303 1470 2339; x_wconf 89' lang='lat' dir='ltr'><strong>oculis</strong></span> <span class='ocrx_word' id='word_1_314' title='bbox 1506 2302 1622 2338; x_wconf 90' lang='lat' dir='ltr'><strong>etiam</strong></span> <span class='ocrx_word' id='word_1_315' title='bbox 1656 2304 1815 2339; x_wconf 85' lang='lat' dir='ltr'><strong>armatis</strong></span> <span class='ocrx_word' id='word_1_316' title='bbox 1847 2304 1887 2340; x_wconf 89' lang='lat' dir='ltr'><strong>in</strong></span> <span class='ocrx_word' id='word_1_317' title='bbox 1927 2305 2112 2341; x_wconf 89' lang='lat' dir='ltr'><strong>nonnullis</strong></span> 
     </span>
     <span class='ocr_line' id='line_1_30' title="bbox 170 2358 2112 2419; baseline -0.002 -10"><span class='ocrx_word' id='word_1_318' title='bbox 170 2375 236 2410; x_wconf 84' lang='lat' dir='ltr'><strong>vix</strong></span> <span class='ocrx_word' id='word_1_319' title='bbox 262 2371 524 2419; x_wconf 80' lang='lat' dir='ltr'><strong>conspiciatur.</strong></span> <span class='ocrx_word' id='word_1_320' title='bbox 577 2369 654 2406; x_wconf 89' lang='lat' dir='ltr'><strong>Usu</strong></span> <span class='ocrx_word' id='word_1_321' title='bbox 681 2370 752 2405; x_wconf 91' lang='lat' dir='ltr'><strong>hoc</strong></span> <span class='ocrx_word' id='word_1_322' title='bbox 778 2379 965 2404; x_wconf 87' lang='lat' dir='ltr'><strong>uncorum</strong></span> <span class='ocrx_word' id='word_1_323' title='bbox 991 2367 1119 2403; x_wconf 79' lang='lat' dir='ltr'><strong>forsan</strong></span> <span class='ocrx_word' id='word_1_324' title='bbox 1147 2367 1425 2403; x_wconf 85' lang='lat' dir='ltr'><strong>observationes</strong></span> <span class='ocrx_word' id='word_1_325' title='bbox 1453 2367 1716 2407; x_wconf 84' lang='lat' dir='ltr'><strong>contradicunt</strong></span> <span class='ocrx_word' id='word_1_326' title='bbox 1737 2358 1890 2404; x_wconf 89' lang='lat' dir='ltr'><strong>tunicas</strong></span> <span class='ocrx_word' id='word_1_327' title='bbox 1918 2369 2112 2405; x_wconf 87' lang='lat' dir='ltr'><strong>sensibiles</strong></span> 
     </span>
     <span class='ocr_line' id='line_1_31' title="bbox 169 2433 2110 2482; baseline -0.003 -7"><span class='ocrx_word' id='word_1_328' title='bbox 169 2437 436 2475; x_wconf 89' lang='lat' dir='ltr'><strong>intestinorum</strong></span> <span class='ocrx_word' id='word_1_329' title='bbox 453 2435 498 2470; x_wconf 85' lang='lat' dir='ltr'><strong>ad</strong></span> <span class='ocrx_word' id='word_1_330' title='bbox 515 2435 631 2472; x_wconf 85' lang='lat' dir='ltr'><strong>cribri</strong></span> <span class='ocrx_word' id='word_1_331' title='bbox 645 2435 766 2470; x_wconf 86' lang='lat' dir='ltr'><strong>instar</strong></span> <span class='ocrx_word' id='word_1_332' title='bbox 782 2445 892 2481; x_wconf 85' lang='lat' dir='ltr'><strong>saepe</strong></span> <span class='ocrx_word' id='word_1_333' title='bbox 912 2433 1122 2481; x_wconf 84' lang='lat' dir='ltr'><strong>perforatas</strong></span> <span class='ocrx_word' id='word_1_334' title='bbox 1139 2446 1330 2480; x_wconf 76' lang='lat' dir='ltr'><strong>nunquam</strong></span> <span class='ocrx_word' id='word_1_335' title='bbox 1343 2441 1474 2469; x_wconf 88' lang='lat' dir='ltr'><strong>tamen</strong></span> <span class='ocrx_word' id='word_1_336' title='bbox 1487 2433 1786 2469; x_wconf 84' lang='lat' dir='ltr'><strong>inflammatione</strong></span> <span class='ocrx_word' id='word_1_337' title='bbox 1806 2441 1998 2482; x_wconf 84' lang='lat' dir='ltr'><strong>correptas</strong></span> <span class='ocrx_word' id='word_1_338' title='bbox 2015 2447 2110 2478; x_wconf 88' lang='lat' dir='ltr'><strong>esse,</strong></span> 
     </span>
     <span class='ocr_line' id='line_1_32' title="bbox 170 2491 2111 2550; baseline -0.002 -13"><span class='ocrx_word' id='word_1_339' title='bbox 170 2500 265 2550; x_wconf 89' lang='lat' dir='ltr'><strong>quod</strong></span> <span class='ocrx_word' id='word_1_340' title='bbox 291 2500 343 2536; x_wconf 89' lang='lat' dir='ltr'><strong>ita</strong></span> <span class='ocrx_word' id='word_1_341' title='bbox 370 2512 451 2535; x_wconf 89' lang='lat' dir='ltr'><strong>esse</strong></span> <span class='ocrx_word' id='word_1_342' title='bbox 479 2512 551 2534; x_wconf 91' lang='lat' dir='ltr'><strong>non</strong></span> <span class='ocrx_word' id='word_1_343' title='bbox 582 2491 705 2546; x_wconf 82' lang='lat' dir='ltr'><strong>posset</strong></span> <span class='ocrx_word' id='word_1_344' title='bbox 738 2498 770 2533; x_wconf 88' lang='lat' dir='ltr'><strong>si</strong></span> <span class='ocrx_word' id='word_1_345' title='bbox 802 2497 948 2534; x_wconf 87' lang='lat' dir='ltr'><strong>hamuli</strong></span> <span class='ocrx_word' id='word_1_346' title='bbox 979 2497 1232 2533; x_wconf 82' lang='lat' dir='ltr'><strong>irritationem</strong></span> <span class='ocrx_word' id='word_1_347' title='bbox 1265 2506 1527 2545; x_wconf 83' lang='lat' dir='ltr'><strong>provacarent.</strong></span> <span class='ocrx_word' id='word_1_348' title='bbox 1579 2497 1727 2535; x_wconf 87' lang='lat' dir='ltr'><strong>Verum</strong></span> <span class='ocrx_word' id='word_1_349' title='bbox 1764 2510 1864 2533; x_wconf 87' lang='lat' dir='ltr'><strong>nunc</strong></span> <span class='ocrx_word' id='word_1_350' title='bbox 1891 2497 2043 2544; x_wconf 88' lang='lat' dir='ltr'><strong>quidem</strong></span> <span class='ocrx_word' id='word_1_351' title='bbox 2071 2497 2111 2533; x_wconf 89' lang='lat' dir='ltr'><strong>in</strong></span> 
     </span>
     <span class='ocr_line' id='line_1_33' title="bbox 171 2562 2111 2612; baseline -0.003 -10"><span class='ocrx_word' id='word_1_352' title='bbox 171 2565 541 2603; x_wconf 75' lang='lat' dir='ltr'><strong>ambitwvulnerum</strong></span> <span class='ocrx_word' id='word_1_353' title='bbox 568 2563 612 2599; x_wconf 89' lang='lat' dir='ltr'><strong>ab</strong></span> <span class='ocrx_word' id='word_1_354' title='bbox 629 2563 960 2612; x_wconf 85' lang='lat' dir='ltr'><strong>Echinorhynchis</strong></span> <span class='ocrx_word' id='word_1_355' title='bbox 988 2570 1024 2598; x_wconf 90' lang='lat' dir='ltr'><strong>et</strong></span> <span class='ocrx_word' id='word_1_356' title='bbox 1051 2562 1203 2610; x_wconf 89' lang='lat' dir='ltr'><strong>reliquis</strong></span> <span class='ocrx_word' id='word_1_357' title='bbox 1229 2563 1422 2599; x_wconf 85' lang='lat' dir='ltr'><strong>vermibus</strong></span> <span class='ocrx_word' id='word_1_358' title='bbox 1443 2565 1479 2609; x_wconf 90' lang='lat'><strong>2)</strong></span> <span class='ocrx_word' id='word_1_359' title='bbox 1505 2563 1617 2599; x_wconf 82' lang='lat' dir='ltr'><strong>factis</strong></span> <span class='ocrx_word' id='word_1_360' title='bbox 1644 2573 1833 2608; x_wconf 86' lang='lat' dir='ltr'><strong>nunquam</strong></span> <span class='ocrx_word' id='word_1_361' title='bbox 1856 2569 2111 2610; x_wconf 84' lang='lat' dir='ltr'><strong>symptomata</strong></span> 
     </span>
     <span class='ocr_line' id='line_1_34' title="bbox 168 2624 2110 2675; baseline -0.003 -9"><span class='ocrx_word' id='word_1_362' title='bbox 168 2627 478 2667; x_wconf 83' lang='lat' dir='ltr'><strong>inflammationis</strong></span> <span class='ocrx_word' id='word_1_363' title='bbox 518 2634 667 2675; x_wconf 90' lang='lat' dir='ltr'><strong>apertae</strong></span> <span class='ocrx_word' id='word_1_364' title='bbox 707 2627 815 2664; x_wconf 82' lang='lat' dir='ltr'><strong>obvia</strong></span> <span class='ocrx_word' id='word_1_365' title='bbox 854 2640 955 2674; x_wconf 60' lang='lat' dir='ltr'><strong>esse,</strong></span> <span class='ocrx_word' id='word_1_366' title='bbox 1014 2626 1110 2674; x_wconf 80' lang='lat' dir='ltr'><strong>quod</strong></span> <span class='ocrx_word' id='word_1_367' title='bbox 1150 2640 1240 2662; x_wconf 86' lang='lat' dir='ltr'><strong>vero</strong></span> <span class='ocrx_word' id='word_1_368' title='bbox 1279 2635 1321 2662; x_wconf 91' lang='lat' dir='ltr'><strong>ut</strong></span> <span class='ocrx_word' id='word_1_369' title='bbox 1359 2627 1458 2664; x_wconf 90' lang='lat' dir='ltr'><strong>mihi</strong></span> <span class='ocrx_word' id='word_1_370' title='bbox 1497 2625 1648 2662; x_wconf 88' lang='lat' dir='ltr'><strong>videtur</strong></span> <span class='ocrx_word' id='word_1_371' title='bbox 1689 2625 1849 2661; x_wconf 89' lang='lat' dir='ltr'><strong>minime</strong></span> <span class='ocrx_word' id='word_1_372' title='bbox 1890 2624 2032 2662; x_wconf 86' lang='lat' dir='ltr'><strong>sufficit</strong></span> <span class='ocrx_word' id='word_1_373' title='bbox 2065 2625 2110 2661; x_wconf 84' lang='lat' dir='ltr'><strong>ad</strong></span> 
     </span>
    </p>
   </div>
   <div class='ocr_carea' id='block_1_4' title="bbox 257 2792 763 2833">
    <p class='ocr_par' dir='ltr' id='par_1_6' title="bbox 257 2792 763 2833">
     <span class='ocr_line' id='line_1_35' title="bbox 257 2792 763 2833; baseline 0.002 -11"><span class='ocrx_word' id='word_1_374' title='bbox 257 2795 289 2831; x_wconf 82' lang='lat' dir='ltr'><strong>r)</strong></span> <span class='ocrx_word' id='word_1_375' title='bbox 331 2792 474 2833; x_wconf 79' lang='lat' dir='ltr'><strong>Synops.</strong></span> <span class='ocrx_word' id='word_1_376' title='bbox 498 2802 532 2831; x_wconf 87' lang='lat' dir='ltr'><strong>p.</strong></span> <span class='ocrx_word' id='word_1_377' title='bbox 549 2799 620 2832; x_wconf 79' lang='lat'><strong>325.</strong></span> <span class='ocrx_word' id='word_1_378' title='bbox 644 2803 695 2823; x_wconf 84' lang='lat' dir='ltr'><strong>nr.</strong></span> <span class='ocrx_word' id='word_1_379' title='bbox 712 2801 763 2831; x_wconf 80' lang='lat'><strong>24.</strong></span> 
     </span>
    </p>
   </div>
   <div class='ocr_carea' id='block_1_5' title="bbox 255 2865 2106 3537">
    <p class='ocr_par' dir='ltr' id='par_1_7' title="bbox 255 2865 2106 3537">
     <span class='ocr_line' id='line_1_36' title="bbox 255 2865 2103 2917; baseline -0.002 -9"><span class='ocrx_word' id='word_1_380' title='bbox 255 2879 288 2915; x_wconf 78' lang='lat'><strong>2)</strong></span> <span class='ocrx_word' id='word_1_381' title='bbox 329 2865 554 2913; x_wconf 59' lang='lat' dir='ltr'><strong>‘Rudolphi</strong></span> <span class='ocrx_word' id='word_1_382' title='bbox 602 2869 852 2916; x_wconf 72' lang='lat' dir='ltr'><strong>(wiedemanns</strong></span> <span class='ocrx_word' id='word_1_383' title='bbox 882 2876 999 2906; x_wconf 84' lang='lat' dir='ltr'><strong>Archiv</strong></span> <span class='ocrx_word' id='word_1_384' title='bbox 1032 2877 1089 2908; x_wconf 77' lang='lat' dir='ltr'><strong>Bd,</strong></span> <span class='ocrx_word' id='word_1_385' title='bbox 1102 2885 1131 2909; x_wconf 83' lang='lat'><strong>2.</strong></span> <span class='ocrx_word' id='word_1_386' title='bbox 1167 2877 1280 2910; x_wconf 82' lang='lat' dir='ltr'><strong>Hft.2.</strong></span> <span class='ocrx_word' id='word_1_387' title='bbox 1303 2878 1414 2917; x_wconf 86' lang='lat' dir='ltr'><strong>p.26)</strong></span> <span class='ocrx_word' id='word_1_388' title='bbox 1453 2878 1592 2907; x_wconf 79' lang='lat' dir='ltr'><strong>affirmat</strong></span> <span class='ocrx_word' id='word_1_389' title='bbox 1626 2886 1658 2905; x_wconf 82' lang='lat' dir='ltr'><strong>se</strong></span> <span class='ocrx_word' id='word_1_390' title='bbox 1688 2885 1853 2915; x_wconf 85' lang='lat' dir='ltr'><strong>nunquam</strong></span> <span class='ocrx_word' id='word_1_391' title='bbox 1886 2875 2103 2905; x_wconf 85' lang='lat' dir='ltr'><strong>ventriculum</strong></span> 
     </span>
     <span class='ocr_line' id='line_1_37' title="bbox 378 2930 2106 2975; baseline -0.002 -13"><span class='ocrx_word' id='word_1_392' title='bbox 378 2931 598 2962; x_wconf 85' lang='lat' dir='ltr'><strong>Pleuronectis</strong></span> <span class='ocrx_word' id='word_1_393' title='bbox 626 2933 752 2969; x_wconf 83' lang='lat' dir='ltr'><strong>Flessi,</strong></span> <span class='ocrx_word' id='word_1_394' title='bbox 785 2943 878 2971; x_wconf 84' lang='lat' dir='ltr'><strong>saepe</strong></span> <span class='ocrx_word' id='word_1_395' title='bbox 904 2933 1050 2973; x_wconf 87' lang='lat' dir='ltr'><strong>undique</strong></span> <span class='ocrx_word' id='word_1_396' title='bbox 1078 2932 1149 2964; x_wconf 73' lang='lat' dir='ltr'><strong>cun‘i</strong></span> <span class='ocrx_word' id='word_1_397' title='bbox 1173 2933 1450 2975; x_wconf 83' lang='lat' dir='ltr'><strong>Echinorhynchis</strong></span> <span class='ocrx_word' id='word_1_398' title='bbox 1474 2933 1614 2962; x_wconf 80' lang='lat' dir='ltr'><strong>obsitum</strong></span> <span class='ocrx_word' id='word_1_399' title='bbox 1648 2938 1679 2960; x_wconf 86' lang='lat' dir='ltr'><strong>et</strong></span> <span class='ocrx_word' id='word_1_400' title='bbox 1704 2930 1904 2968; x_wconf 80' lang='lat' dir='ltr'><strong>perforatum</strong></span> <span class='ocrx_word' id='word_1_401' title='bbox 1930 2931 2106 2959; x_wconf 76' lang='lat' dir='ltr'><strong>inflamma-</strong></span> 
     </span>
     <span class='ocr_line' id='line_1_38' title="bbox 376 2987 2103 3030; baseline -0.001 -11"><span class='ocrx_word' id='word_1_402' title='bbox 376 2997 445 3019; x_wconf 75' lang='lat' dir='ltr'><strong>tum</strong></span> <span class='ocrx_word' id='word_1_403' title='bbox 474 2990 527 3019; x_wconf 81' lang='lat' dir='ltr'><strong>vel</strong></span> <span class='ocrx_word' id='word_1_404' title='bbox 555 2999 804 3030; x_wconf 85' lang='lat' dir='ltr'><strong>gangraenosum</strong></span> <span class='ocrx_word' id='word_1_405' title='bbox 833 2990 1043 3026; x_wconf 79' lang='lat' dir='ltr'><strong>observasse,</strong></span> <span class='ocrx_word' id='word_1_406' title='bbox 1086 2997 1118 3020; x_wconf 81' lang='lat' dir='ltr'><strong>et</strong></span> <span class='ocrx_word' id='word_1_407' title='bbox 1145 2992 1189 3020; x_wconf 87' lang='lat' dir='ltr'><strong>sic</strong></span> <span class='ocrx_word' id='word_1_408' title='bbox 1220 2992 1257 3020; x_wconf 87' lang='lat' dir='ltr'><strong>in</strong></span> <span class='ocrx_word' id='word_1_409' title='bbox 1283 2990 1421 3020; x_wconf 83' lang='lat' dir='ltr'><strong>Collect.</strong></span> <span class='ocrx_word' id='word_1_410' title='bbox 1453 2989 1538 3019; x_wconf 82' lang='lat' dir='ltr'><strong>Mus.</strong></span> <span class='ocrx_word' id='word_1_411' title='bbox 1561 2987 1653 3017; x_wconf 83' lang='lat' dir='ltr'><strong>Caes.</strong></span> <span class='ocrx_word' id='word_1_412' title='bbox 1684 2994 1787 3025; x_wconf 84' lang='lat' dir='ltr'><strong>partes</strong></span> <span class='ocrx_word' id='word_1_413' title='bbox 1821 2987 1969 3015; x_wconf 84' lang='lat' dir='ltr'><strong>intestini</strong></span> <span class='ocrx_word' id='word_1_414' title='bbox 1995 2988 2103 3017; x_wconf 87' lang='lat' dir='ltr'><strong>tenuis</strong></span> 
     </span>
     <span class='ocr_line' id='line_1_39' title="bbox 376 3040 2105 3087; baseline -0.002 -11"><span class='ocrx_word' id='word_1_415' title='bbox 376 3047 519 3087; x_wconf 84' lang='lat' dir='ltr'><strong>Tringae</strong></span> <span class='ocrx_word' id='word_1_416' title='bbox 541 3046 694 3083; x_wconf 75' lang='lat' dir='ltr'><strong>Venelli,</strong></span> <span class='ocrx_word' id='word_1_417' title='bbox 726 3046 866 3087; x_wconf 82' lang='lat' dir='ltr'><strong>Cyprini</strong></span> <span class='ocrx_word' id='word_1_418' title='bbox 889 3046 1003 3083; x_wconf 81' lang='lat' dir='ltr'><strong>Barbi,</strong></span> <span class='ocrx_word' id='word_1_419' title='bbox 1030 3045 1055 3075; x_wconf 88' lang='lat' dir='ltr'>F</span> <span class='ocrx_word' id='word_1_420' title='bbox 1058 3046 1164 3075; x_wconf 86' lang='lat' dir='ltr'><strong>ulicae</strong></span> <span class='ocrx_word' id='word_1_421' title='bbox 1191 3053 1274 3076; x_wconf 84' lang='lat' dir='ltr'><strong>atrae</strong></span> <span class='ocrx_word' id='word_1_422' title='bbox 1296 3053 1491 3076; x_wconf 84' lang='lat' dir='ltr'><strong>asservantur</strong></span> <span class='ocrx_word' id='word_1_423' title='bbox 1517 3043 1634 3085; x_wconf 90' lang='lat' dir='ltr'><strong>quibus</strong></span> <span class='ocrx_word' id='word_1_424' title='bbox 1655 3043 1820 3072; x_wconf 85' lang='lat' dir='ltr'><strong>innumeri</strong></span> <span class='ocrx_word' id='word_1_425' title='bbox 1842 3040 2105 3083; x_wconf 83' lang='lat' dir='ltr'><strong>Echinorhynehi</strong></span> 
     </span>
     <span class='ocr_line' id='line_1_40' title="bbox 378 3095 2103 3143; baseline -0.002 -11"><span class='ocrx_word' id='word_1_426' title='bbox 378 3103 562 3138; x_wconf 76' lang='lat' dir='ltr'><strong>inhaerent,</strong></span> <span class='ocrx_word' id='word_1_427' title='bbox 607 3095 757 3143; x_wconf 67' lang='lat' dir='ltr'><strong>quaeque</strong></span> <span class='ocrx_word' id='word_1_428' title='bbox 788 3111 823 3133; x_wconf 88' lang='lat' dir='ltr'><strong>ut</strong></span> <span class='ocrx_word' id='word_1_429' title='bbox 852 3103 894 3133; x_wconf 91' lang='lat' dir='ltr'><strong>cl.</strong></span> <span class='ocrx_word' id='word_1_430' title='bbox 930 3103 1117 3132; x_wconf 84' lang='lat' dir='ltr'><strong>Bremser</strong></span> <span class='ocrx_word' id='word_1_431' title='bbox 1154 3102 1234 3132; x_wconf 73' lang='lat' dir='ltr'><strong>mihi</strong></span> <span class='ocrx_word' id='word_1_432' title='bbox 1270 3103 1443 3133; x_wconf 83' lang='lat' dir='ltr'><strong>affirmavit</strong></span> <span class='ocrx_word' id='word_1_433' title='bbox 1484 3101 1562 3131; x_wconf 87' lang='lat' dir='ltr'><strong>dum</strong></span> <span class='ocrx_word' id='word_1_434' title='bbox 1599 3106 1759 3136; x_wconf 82' lang='lat' dir='ltr'><strong>recentes,</strong></span> <span class='ocrx_word' id='word_1_435' title='bbox 1803 3106 1885 3131; x_wconf 82' lang='lat' dir='ltr'><strong>statu</strong></span> <span class='ocrx_word' id='word_1_436' title='bbox 1918 3109 1953 3127; x_wconf 88' lang='lat' dir='ltr'><strong>ac</strong></span> <span class='ocrx_word' id='word_1_437' title='bbox 1984 3100 2103 3129; x_wconf 83' lang='lat' dir='ltr'><strong>rubore</strong></span> 
     </span>
     <span class='ocr_line' id='line_1_41' title="bbox 378 3154 2100 3199; baseline -0.003 -11"><span class='ocrx_word' id='word_1_438' title='bbox 378 3159 519 3189; x_wconf 85' lang='lat' dir='ltr'><strong>normali</strong></span> <span class='ocrx_word' id='word_1_439' title='bbox 548 3158 734 3199; x_wconf 84' lang='lat' dir='ltr'><strong>gandebant.</strong></span> <span class='ocrx_word' id='word_1_440' title='bbox 784 3158 895 3188; x_wconf 84' lang='lat' dir='ltr'><strong>Solum</strong></span> <span class='ocrx_word' id='word_1_441' title='bbox 923 3160 949 3187; x_wconf 86' lang='lat' dir='ltr'><strong>si</strong></span> <span class='ocrx_word' id='word_1_442' title='bbox 974 3157 1139 3190; x_wconf 81' lang='lat' dir='ltr'><strong>Ascarides</strong></span> <span class='ocrx_word' id='word_1_443' title='bbox 1167 3159 1202 3188; x_wconf 86' lang='lat' dir='ltr'><strong>in</strong></span> <span class='ocrx_word' id='word_1_444' title='bbox 1233 3159 1401 3188; x_wconf 76' lang='lat' dir='ltr'><strong>abdomine</strong></span> <span class='ocrx_word' id='word_1_445' title='bbox 1431 3158 1652 3194; x_wconf 80' lang='lat' dir='ltr'><strong>reperiuntur,</strong></span> <span class='ocrx_word' id='word_1_446' title='bbox 1696 3155 1852 3186; x_wconf 80' lang='lat' dir='ltr'><strong>foramina</strong></span> <span class='ocrx_word' id='word_1_447' title='bbox 1877 3154 2100 3184; x_wconf 83' lang='lat' dir='ltr'><strong>intestinorum</strong></span> 
     </span>
     <span class='ocr_line' id='line_1_42' title="bbox 379 3208 2101 3257; baseline -0.003 -12"><span class='ocrx_word' id='word_1_448' title='bbox 379 3226 612 3257; x_wconf 84' lang='lat' dir='ltr'><strong>gangraenosa,</strong></span> <span class='ocrx_word' id='word_1_449' title='bbox 656 3223 685 3244; x_wconf 86' lang='lat' dir='ltr'><strong>et</strong></span> <span class='ocrx_word' id='word_1_450' title='bbox 714 3217 865 3245; x_wconf 80' lang='lat' dir='ltr'><strong>intestina</strong></span> <span class='ocrx_word' id='word_1_451' title='bbox 903 3217 973 3254; x_wconf 81' lang='lat' dir='ltr'><strong>ipsa</strong></span> <span class='ocrx_word' id='word_1_452' title='bbox 1012 3225 1029 3244; x_wconf 85' lang='lat' dir='ltr'><strong>a</strong></span> <span class='ocrx_word' id='word_1_453' title='bbox 1068 3215 1319 3243; x_wconf 84' lang='lat' dir='ltr'><strong>inflammatione</strong></span> <span class='ocrx_word' id='word_1_454' title='bbox 1361 3220 1506 3252; x_wconf 83' lang='lat' dir='ltr'><strong>correpta</strong></span> <span class='ocrx_word' id='word_1_455' title='bbox 1540 3213 1751 3242; x_wconf 81' lang='lat' dir='ltr'><strong>inveniuntur</strong></span> <span class='ocrx_word' id='word_1_456' title='bbox 1784 3208 1986 3245; x_wconf 71' lang='lat' dir='ltr'><strong>(Commeat.</strong></span> <span class='ocrx_word' id='word_1_457' title='bbox 2009 3209 2101 3247; x_wconf 81' lang='lat' dir='ltr'><strong>Lips.</strong></span> 
     </span>
     <span class='ocr_line' id='line_1_43' title="bbox 378 3265 2102 3312; baseline -0.003 -12"><span class='ocrx_word' id='word_1_458' title='bbox 378 3270 456 3303; x_wconf 84' lang='lat' dir='ltr'><strong>vol.</strong></span> <span class='ocrx_word' id='word_1_459' title='bbox 468 3272 560 3304; x_wconf 83' lang='lat' dir='ltr'><strong>XIX.</strong></span> <span class='ocrx_word' id='word_1_460' title='bbox 584 3283 615 3311; x_wconf 86' lang='lat' dir='ltr'><strong>p.</strong></span> <span class='ocrx_word' id='word_1_461' title='bbox 630 3280 759 3312; x_wconf 82' lang='lat'>301.—-</span> <span class='ocrx_word' id='word_1_462' title='bbox 780 3270 955 3312; x_wconf 83' lang='lat' dir='ltr'><strong>Ludwig</strong></span> <span class='ocrx_word' id='word_1_463' title='bbox 972 3271 1061 3302; x_wconf 78' lang='lat' dir='ltr'><strong>Diss.</strong></span> <span class='ocrx_word' id='word_1_464' title='bbox 1078 3272 1116 3300; x_wconf 89' lang='lat' dir='ltr'><strong>de</strong></span> <span class='ocrx_word' id='word_1_465' title='bbox 1133 3270 1314 3300; x_wconf 85' lang='lat' dir='ltr'><strong>Lumbricis</strong></span> <span class='ocrx_word' id='word_1_466' title='bbox 1329 3271 1431 3300; x_wconf 78' lang='lat' dir='ltr'><strong>intest.</strong></span> <span class='ocrx_word' id='word_1_467' title='bbox 1449 3269 1624 3308; x_wconf 79' lang='lat' dir='ltr'><strong>perforant.</strong></span> <span class='ocrx_word' id='word_1_468' title='bbox 1658 3268 1807 3296; x_wconf 85' lang='lat' dir='ltr'><strong>Bremser</strong></span> <span class='ocrx_word' id='word_1_469' title='bbox 1823 3265 1847 3294; x_wconf 93' lang='grc'><strong>1.</strong></span> <span class='ocrx_word' id='word_1_470' title='bbox 1864 3275 1890 3294; x_wconf 91' lang='lat' dir='ltr'><strong>c.</strong></span> <span class='ocrx_word' id='word_1_471' title='bbox 1914 3275 1944 3303; x_wconf 85' lang='lat' dir='ltr'><strong>p.</strong></span> <span class='ocrx_word' id='word_1_472' title='bbox 1960 3272 2014 3303; x_wconf 81' lang='lat'><strong>133</strong></span> <span class='ocrx_word' id='word_1_473' title='bbox 2025 3269 2102 3303; x_wconf 87' lang='lat' dir='ltr'><strong>etc.)</strong></span> 
     </span>
     <span class='ocr_line' id='line_1_44' title="bbox 380 3320 2097 3361; baseline -0.003 -5"><span class='ocrx_word' id='word_1_474' title='bbox 380 3337 502 3358; x_wconf 77' lang='lat' dir='ltr'><strong>vermes</strong></span> <span class='ocrx_word' id='word_1_475' title='bbox 525 3339 600 3358; x_wconf 87' lang='lat' dir='ltr'><strong>vero</strong></span> <span class='ocrx_word' id='word_1_476' title='bbox 623 3340 680 3358; x_wconf 89' lang='lat' dir='ltr'><strong>nee</strong></span> <span class='ocrx_word' id='word_1_477' title='bbox 705 3321 964 3358; x_wconf 79' lang='lat' dir='ltr'><strong>inflammationis</strong></span> <span class='ocrx_word' id='word_1_478' title='bbox 990 3338 1047 3357; x_wconf 90' lang='lat' dir='ltr'><strong>nec</strong></span> <span class='ocrx_word' id='word_1_479' title='bbox 1074 3327 1269 3356; x_wconf 82' lang='lat' dir='ltr'><strong>foraminum</strong></span> <span class='ocrx_word' id='word_1_480' title='bbox 1299 3332 1462 3361; x_wconf 83' lang='lat' dir='ltr'><strong>auctores,</strong></span> <span class='ocrx_word' id='word_1_481' title='bbox 1506 3324 1559 3354; x_wconf 82' lang='lat' dir='ltr'><strong>sed</strong></span> <span class='ocrx_word' id='word_1_482' title='bbox 1587 3321 1796 3352; x_wconf 75' lang='lat' dir='ltr'><strong>inflammatio</strong></span> <span class='ocrx_word' id='word_1_483' title='bbox 1828 3320 1980 3357; x_wconf 79' lang='lat' dir='ltr'><strong>primaria</strong></span> <span class='ocrx_word' id='word_1_484' title='bbox 2010 3321 2097 3357; x_wconf 78' lang='lat' dir='ltr'><strong>ipsas</strong></span> 
     </span>
     <span class='ocr_line' id='line_1_45' title="bbox 380 3374 2097 3421; baseline -0.003 -10"><span class='ocrx_word' id='word_1_485' title='bbox 380 3383 612 3413; x_wconf 81' lang='lat' dir='ltr'><strong>intestinorum</strong></span> <span class='ocrx_word' id='word_1_486' title='bbox 643 3385 840 3414; x_wconf 80' lang='lat' dir='ltr'><strong>membranas</strong></span> <span class='ocrx_word' id='word_1_487' title='bbox 869 3383 1027 3420; x_wconf 81' lang='lat' dir='ltr'><strong>perforat,</strong></span> <span class='ocrx_word' id='word_1_488' title='bbox 1072 3384 1114 3412; x_wconf 83' lang='lat' dir='ltr'><strong>ita</strong></span> <span class='ocrx_word' id='word_1_489' title='bbox 1140 3390 1177 3411; x_wconf 75' lang='lat' dir='ltr'><strong>ut</strong></span> <span class='ocrx_word' id='word_1_490' title='bbox 1205 3392 1351 3417; x_wconf 85' lang='lat' dir='ltr'><strong>vermes,</strong></span> <span class='ocrx_word' id='word_1_491' title='bbox 1405 3383 1464 3421; x_wconf 87' lang='lat' dir='ltr'><strong>qui</strong></span> <span class='ocrx_word' id='word_1_492' title='bbox 1494 3381 1529 3409; x_wconf 89' lang='lat' dir='ltr'><strong>in</strong></span> <span class='ocrx_word' id='word_1_493' title='bbox 1553 3378 1711 3408; x_wconf 83' lang='lat' dir='ltr'><strong>intestinis</strong></span> <span class='ocrx_word' id='word_1_494' title='bbox 1735 3375 1848 3405; x_wconf 88' lang='lat' dir='ltr'><strong>morbo</strong></span> <span class='ocrx_word' id='word_1_495' title='bbox 1872 3374 2097 3406; x_wconf 79' lang='lat' dir='ltr'><strong>laborantibus</strong></span> 
     </span>
     <span class='ocr_line' id='line_1_46' title="bbox 380 3432 2097 3478; baseline -0.002 -12"><span class='ocrx_word' id='word_1_496' title='bbox 380 3437 465 3468; x_wconf 85' lang='lat' dir='ltr'><strong>haud</strong></span> <span class='ocrx_word' id='word_1_497' title='bbox 488 3442 625 3478; x_wconf 86' lang='lat' dir='ltr'><strong>amplius</strong></span> <span class='ocrx_word' id='word_1_498' title='bbox 651 3443 758 3471; x_wconf 81' lang='lat' dir='ltr'><strong>vivere</strong></span> <span class='ocrx_word' id='word_1_499' title='bbox 775 3447 925 3478; x_wconf 83' lang='lat' dir='ltr'><strong>possunt,</strong></span> <span class='ocrx_word' id='word_1_500' title='bbox 969 3449 1027 3477; x_wconf 87' lang='lat' dir='ltr'><strong>per</strong></span> <span class='ocrx_word' id='word_1_501' title='bbox 1049 3439 1107 3468; x_wconf 90' lang='lat' dir='ltr'><strong>illa</strong></span> <span class='ocrx_word' id='word_1_502' title='bbox 1129 3439 1284 3469; x_wconf 78' lang='lat' dir='ltr'><strong>foramina</strong></span> <span class='ocrx_word' id='word_1_503' title='bbox 1303 3439 1337 3467; x_wconf 89' lang='lat' dir='ltr'><strong>in</strong></span> <span class='ocrx_word' id='word_1_504' title='bbox 1361 3438 1541 3468; x_wconf 88' lang='lat' dir='ltr'><strong>abdominis</strong></span> <span class='ocrx_word' id='word_1_505' title='bbox 1559 3444 1669 3464; x_wconf 85' lang='lat' dir='ltr'><strong>cavum</strong></span> <span class='ocrx_word' id='word_1_506' title='bbox 1688 3435 1748 3463; x_wconf 75' lang='lat' dir='ltr'><strong>iter</strong></span> <span class='ocrx_word' id='word_1_507' title='bbox 1763 3432 1894 3466; x_wconf 81' lang='lat' dir='ltr'><strong>faciant,</strong></span> <span class='ocrx_word' id='word_1_508' title='bbox 1930 3432 1986 3461; x_wconf 53' lang='lat' dir='ltr'><strong>vel&gt;</strong></span> <span class='ocrx_word' id='word_1_509' title='bbox 2001 3434 2097 3462; x_wconf 80' lang='lat' dir='ltr'><strong>etiam</strong></span> 
     </span>
     <span class='ocr_line' id='line_1_47' title="bbox 381 3489 1980 3537; baseline -0.003 -13"><span class='ocrx_word' id='word_1_510' title='bbox 381 3501 417 3523; x_wconf 88' lang='lat' dir='ltr'><strong>ut</strong></span> <span class='ocrx_word' id='word_1_511' title='bbox 448 3496 510 3532; x_wconf 76' lang='lat' dir='ltr'><strong>jam</strong></span> <span class='ocrx_word' id='word_1_512' title='bbox 531 3505 763 3537; x_wconf 85' lang='lat' dir='ltr'><strong>nonnunquam</strong></span> <span class='ocrx_word' id='word_1_513' title='bbox 789 3495 991 3526; x_wconf 81' lang='lat' dir='ltr'><strong>observatum</strong></span> <span class='ocrx_word' id='word_1_514' title='bbox 1015 3504 1074 3532; x_wconf 88' lang='lat' dir='ltr'><strong>per</strong></span> <span class='ocrx_word' id='word_1_515' title='bbox 1101 3504 1134 3525; x_wconf 92' lang='lat' dir='ltr'><strong>os</strong></span> <span class='ocrx_word' id='word_1_516' title='bbox 1159 3495 1285 3523; x_wconf 81' lang='lat' dir='ltr'><strong>exitum</strong></span> <span class='ocrx_word' id='word_1_517' title='bbox 1309 3500 1474 3533; x_wconf 79' lang='lat' dir='ltr'><strong>quaerant.</strong></span> <span class='ocrx_word' id='word_1_518' title='bbox 1517 3491 1629 3530; x_wconf 76' lang='lat' dir='ltr'><strong>(Brera</strong></span> <span class='ocrx_word' id='word_1_519' title='bbox 1652 3490 1812 3518; x_wconf 80' lang='lat' dir='ltr'><strong>Memorie</strong></span> <span class='ocrx_word' id='word_1_520' title='bbox 1842 3496 1875 3525; x_wconf 86' lang='lat' dir='ltr'><strong>p-</strong></span> <span class='ocrx_word' id='word_1_521' title='bbox 1892 3489 1980 3524; x_wconf 78' lang='lat'><strong>21⁶-)</strong></span> 
     </span>
    </p>
   </div>
  </div>
 </body>
</html>
