2520 4031
1100 296 1208 319 --,κ
1307 283 1355 330 64
1453 295 1562 312 »-

370 396 450 426 tam
476 389 547 425 hac
575 386 711 423 orbatis
737 384 777 421 in
803 384 880 434 ipso
914 390 1066 432 'corpore
1096 384 1229 431 positas
1255 381 1410 425 offendi,
1454 380 1524 415 hac
1553 381 1672 415 solum
1700 378 1929 425 differentia,
1969 385 2010 414 ut
2036 379 2074 414 in
2099 378 2157 414 his
2185 374 2291 410 altius

369 453 589 496 haerentes,
637 449 677 486 in
709 435 999 486 illis'vesiculae
1040 454 1076 482 et
1115 447 1211 493 apici
1245 445 1390 482 caudali
1421 442 1620 492 quidquam
1656 444 1932 493 propinquiores
1973 443 2292 490 conspicerentur.

370 514 599 562 corpuscula
624 512 892 555 illa·rotunda,
927 522 1188 556 nonnunquam
1216 510 1288 546 1130
1315 510 1354 545 111
1380 509 1547 544 vesicula
1575 510 1702 555 obvia,
1741 510 1806 545 sub
1842 509 2087 563 microscopio
2124 508 2293 553 inspecta

367 578 571 615 materiam
599 577 1076 624 exhibentiafgrumosam,
1112 574 1211 610 aliud
1236 574 1329 610 nihil
1357 573 1428 610 nisi
1456 586 1588 609 semen
1617 574 1940 626 conglomeratum
1976 574 2071 609 mihi
2102 570 2292 612 videntur,

368 642 634 679 diverticulum
669 642 770 678 enim
802 640 990 676 vesiculae
1025 639 1240 684 seminalis,
1289 639 1593 674 membranosum
1631 639 1717 685 quid
1761 646 1798 674 et
1832 639 2034 673 materiam
2074 644 2293 685 grumosam

370 707 565 743 continere
593 717 675 742 sum
702 715 912 752 persuasus.
971 704 1136 740 Seminis
1164 711 1337 739 naturam
1365 704 1671 750 corpusculorum
1698 704 1835 739 horum
1863 709 1898 737 et
1926 715 1970 737 ex
2006 714 2047 736 eo
2081 697 2293 747 comprobo,

367 770 461 818 quod
488 770 619 805 eadem
640 769 680 802 in
712 768 879 805 vesicula
912 769 1056 805 caudali
1084 769 1495 817 Echinorhynchorum
1532 767 1779 819 caudatorum
1805 766 2072 809 Lancearum,
2119 760 2295 799 vesiculis

367 833 608 869 seminalibus
635 831 780 878 proprie
808 831 862 867 sic
890 832 998 868 dictis
1025 833 1287 870 destitutorum
1313 827 1460 878 inveni,
1492 846 1650 881 quorum
1677 833 1709 868 si
1729 832 1917 868 vesiculae
1943 829 2144 865 seminales
2174 830 2296 862 essent

369 896 608 941 diverticula,
648 896 711 930 vix
739 895 944 942 explicares
972 896 1173 944 originem.
1225 895 1455 944 Corpuscula
1489 896 1714 945 pyriformia
1751 896 1794 932 ab
1829 890 2140 939 ill.·Rudolphi
2175 889 2296 924 obser-

365 969 470 1005 vata,
526 967 750 996 certesunt
792 960 1024 995 extensiones
1061 960 1307 996 membranae
1341 961 1549 996 vesiculam
1589 960 1808 1005 formantis,
1855 971 1943 1007 quas
1978 970 2045 1007 ego
2082 956 2121 991 in
2156 952 2298 989 Echi-

368 1025 632 1073 norhynchi
660 1023 920 1070 compressi
944 1025 974 1068 ¹)
1001 1024 1129 1059 vesica
1164 1031 1220 1058 sat
1253 1025 1463 1059 luculenter
1489 1025 1696 1061 observavi.
1716 1044 1765 1053 —

512 1089 607 1125 Usus
633 1088 752 1123 bullae
788 1086 952 1123 caudalis
986 1087 1025 1123 in
1059 1087 1296 1135 sequentibus
1330 1089 1426 1124 mihi
1464 1088 1668 1140 consistere
1703 1089 1868 1128 videtur:
1918 1090 2026 1124 Illam
2059 1088 2099 1122 in
2137 1082 2298 1132 quadam

366 1167 455 1191 cum
481 1153 672 1190 functione
700 1152 842 1189 sexuali
868 1152 1047 1187 relatione
1077 1164 1158 1187 esse
1186 1151 1335 1197 debere,
1364 1159 1469 1187 extra
1496 1152 1617 1187 omnis
1645 1151 1881 1187 dubitationis
1903 1153 2023 1187 aleam
2050 1150 2210 1199 positum
2227 1154 2297 1187 est.

365 1217 677 1266 Echinorhynchi
703 1230 803 1253 nunc
824 1218 1037 1264 plantarum
1067 1216 1112 1253 ad
1137 1217 1276 1261 instar,
1313 1216 1539 1264 proboscidis
1567 1229 1632 1263 ope
1659 1216 1698 1252 in
1732 1215 1870 1251 tunicis
1904 1215 2169 1251 intestinorum
2201 1211 2298 1247 radi-

367 1284 464 1327 cati,
507 1281 669 1326 coitum,
699 1281 793 1328 quod
816 1283 968 1331 insuper
995 1296 1040 1319 ex
1067 1291 1221 1318 externa
1254 1295 1385 1318 eorum
1420 1289 1609 1318 structura
1643 1281 1853 1316 desumitur
1887 1280 2078 1316 celebrare
2113 1292 2185 1314 non
2215 1288 2298 1324 'pos-

366 1353 473 1391 sunt,
510 1345 713 1392 (siquidem
742 1347 788 1383 cl.
817 1347 1010 1391 Nitzsch
1038 1359 1229 1392 asserens,
1265 1359 1415 1381 marem
1442 1346 1608 1382 vesicula
1631 1359 1698 1382 sua
1726 1346 1934 1381 acutiorem
1961 1344 2127 1379 feminae
2150 1342 2298 1390 apicem

366 1409 578 1457 suscipere,
619 1409 663 1444 de
689 1423 778 1445 vero
807 1411 905 1446 coitu
932 1410 1112 1459 cogitasse
1146 1409 1334 1455 videtur)
1377 1409 1443 1445 sed
1468 1409 1757 1445 Batraohiorum
1792 1416 1828 1444 et
1860 1409 2021 1455 piscium
2041 1409 2075 1454 2)
2102 1406 2148 1441 ad
2179 1406 2299 1441 instar

364 1472 691 1509 foecundationem
721 1473 938 1520 perficiunt,
985 1472 1113 1519 quibus
1140 1474 1235 1510 haec
1264 1486 1285 1509 a
1312 1480 1444 1508 natura
1470 1473 1701 1520 praescripta
1731 1474 1791 1507 lex
1826 1479 1901 1516 est,
1944 1479 1985 1506 ut
2020 1484 2101 1506 mas
2135 1471 2242 1506 ovula
2277 1483 2299 1505 a

366 1537 511 1573 femina
539 1535 704 1583 deposita
731 1544 921 1584 spermate
948 1549 1013 1571 suo
1040 1537 1235 1584 fecundet,
1267 1537 1479 1583 bullamque
1508 1535 1703 1576 caudalem
1732 1548 1829 1571 nunc
1857 1549 2021 1585 organon
2047 1543 2153 1583 puto,
2186 1535 2299 1570 semi-

365 1601 423 1636 nis
450 1601 614 1636 rivulum
643 1600 688 1635 ad
714 1591 820 1636 ovula
849 1613 869 1636 a
897 1600 1040 1636 femina
1067 1601 1230 1650 deposita
1258 1600 1509 1650 dirigendum,
1531 1598 1585 1626 --’

515 1666 557 1700 In
585 1665 773 1700 anatomia
801 1664 965 1699 feminae
995 1677 1164 1701 crassum
1191 1666 1300 1713 inque
1329 1665 1416 1700 duos
1444 1666 1662 1712 plerumque
1690 1675 1816 1698 ramos
1844 1663 2007 1699 divisum
2042 1676 2087 1698 ex
2119 1663 2199 1698 basi
2233 1676 2294 1699 va-

363 1731 473 1780 ginae
500 1730 615 1776 usque
646 1728 691 1764 ad
719 1729 866 1776 apicem
895 1728 1100 1764 decurrens
1129 1729 1301 1765 ovarium
1327 1728 1542 1765 induximus
1569 1728 1607 1763 in
1634 1734 1807 1772 uterum,
1854 1739 1874 1762 a
1901 1739 1963 1762 me
1991 1727 2046 1762 uti
2074 1727 2202 1775 opinor
2226 1727 2298 1773 pri-

362 1807 425 1829 mo
452 1793 665 1837 detectum,
693 1791 1050 1831 ¹determinandum.
1104 1792 1285 1828 Ovarium
1312 1793 1429 1829 110000
1458 1792 1603 1839 copiam
1639 1791 2017 1841 oblongo-ovalium,
2060 1790 2299 1845 subrotundo—

364 1870 451 1893 rum
487 1857 793 1904 corpusculorum
828 1856 1061 1900 continebat,
1113 1870 1204 1903 quae
1239 1857 1486 1904 microscopio
1522 1856 1685 1903 subjecta
1720 1858 1895 1904 punctula
1929 1856 2086 1892 rotunda
2116 1856 2300 1904 diaphana

363 1921 618 1967 ostendebant,
647 1920 776 1968 quibus
792 1933 863 1956 uno
884 1922 944 1956 vel
971 1920 1109 1957 duobus
1135 1936 1179 1957 ex
1206 1921 1433 1970 proboscidis
1460 1923 1596 1971 vagina
1625 1921 1908 1957 decurrentibus
1934 1921 2034 1956 vasis
2060 1921 2298 1967 prospicitur,

366 1985 595 2034 Corpuscula
624 1986 786 2031 haecce,
826 1986 1060 2033 placentulas
1097 1999 1185 2023 cum
1212 1986 1262 2022 ill.
1290 1986 1521 2033 Rudolphi
1560 1987 1700 2032 habeo,
1747 2000 1816 2022 ova
1848 1987 2053 2022 immatura
2083 1986 2297 2021 futurorum

367 2050 775 2098 Echinorhynchorum
810 2052 986 2100 germina
1019 2052 1271 2095 continentes,
1325 2063 1418 2097 quae
1461 2051 1584 2099 magis
1621 2058 1767 2086 matura
1811 2051 1934 2096 facta,
1981 2052 2052 2087 1100
2087 2058 2142 2087 est
2175 2052 2299 2087 forma

367 2116 488 2165 magis
517 2116 671 2164 oblonga
696 2124 827 2161 nacta,
857 2117 900 2152 ab
928 2117 1077 2163 ovario,
1114 2117 1175 2153 cui
1202 2115 1267 2151 sub
1290 2115 1422 2150 ultimo
1442 2115 1747 2151 commorationis
1774 2115 1891 2151 stadio
1914 2115 2019 2163 apice
2049 2115 2157 2151 modo
2181 2116 2299 2165 ligan-

369 2190 450 2226 tur,
478 2182 595 2216 soluta
615 2179 832 2228 profundius
856 2181 1086 2218 descendunt
1103 2192 1232 2216 versus
1247 2187 1419 2224 uterum,
1461 2179 1581 2225 ibique
1607 2178 1651 2214 ad
1675 2191 1868 2215 summum
1896 2179 2113 2215 evolationis
2139 2180 2298 2229 gradum

367 2245 634 2294 perducuntur.
686 2244 866 2293 Figuram
889 2246 1035 2282 scilicet
1059 2245 1098 2281 in
1119 2244 1226 2280 utero
1250 2244 1447 2290 acquirunt
1465 2244 1719 2291 sphaericam,
1743 2258 1787 2280 ex
1811 2243 1949 2279 duabus
1967 2244 2092 2279 amnio
2110 2252 2147 2279 et
2170 2244 2298 2279 chorio

370 2308 553 2344 similibus
581 2308 893 2356 Echinorhynchi
917 2310 1165 2357 embryonem
1189 2307 1462 2343 includentibus
1494 2308 1725 2343 membranis
1757 2315 1947 2353 constant,
1992 2315 2028 2343 et
2057 2307 2210 2343 tandem
2238 2307 2299 2343 de-

370 2372 486 2420 posita
521 2371 637 2406 maris
668 2380 856 2418 spermate
886 2373 1170 2409 foecundantur.
1222 2371 1413 2419 Depositio
1448 2372 1543 2408 haec
1578 2385 1732 2407 ovorum
1767 2386 1812 2408 ex
1845 2372 1921 2419 ipso
1950 2371 2048 2406 uteri
2081 2371 2222 2407 orificio
2243 2371 2297 2416 fit,

368 2449 440 2482 qua
464 2435 503 2470 in
530 2448 571 2470 re
595 2434 638 2470 ab
662 2435 714 2475 111,
742 2435 915 2483 Rudolp
926 2437 972 2472 hi
992 2440 1025 2483 3)
1055 2437 1285 2482 aliorumque
1317 2435 1452 2471 recedo
1484 2437 1673 2484 opinione,
1717 2437 1847 2483 quippe
1873 2436 1934 2483 qui
1962 2435 2209 2479 contendunt,
2245 2435 2299 2470 fe-

368 2499 514 2534 minam
540 2510 629 2544 ova,
658 2499 752 2545 quod
776 2499 965 2547 imprimis
984 2500 1105 2549 figura
1130 2487 1260 2535 edrum
1281 2507 1457 2535 consueta
1478 2500 1631 2535 linearis
1656 2499 1855 2535 admittere
1880 2499 2046 2543 videtur,
2082 2498 2298 2545 proboscide

370 2562 580 2608 extricare,
625 2563 864 2599 observantes
896 2564 935 2599 in
964 2564 1147 2600 nonnullis
1175 2563 1582 2612 Echinorhynehorum
1612 2563 1765 2598 feminis
1791 2576 1826 2602 v.
1845 2576 1878 2602 c.
1903 2563 1996 2600 Ech.
2023 2562 2200 2612 Gigantis
2223 2563 2298 2598 sola

370 2626 558 2674 pressione
584 2627 689 2661 ovula
726 2639 770 2662 ex
793 2627 1009 2673 proboscide
1034 2628 1296 2674 propullulare.
1349 2629 1454 2664 Haec
1485 2634 1612 2662 autem
1650 2627 1806 2662 assertio
1834 2626 2060 2674 proboscidis
2090 2639 2159 2661 usu
2186 2638 2297 2673 supra

371 2690 553 2736 exposito,
594 2690 692 2725 uteri
718 2692 949 2736 praesentia,
985 2691 1392 2738 Echinorhynchorum
1419 2690 1645 2738 proboscidis
1665 2703 1730 2738 ope
1757 2690 1989 2726 membranis
2016 2689 2296 2725 inhaerentium

370 2760 507 2799 status,
550 2760 586 2788 et
611 2760 651 2788 ut
677 2753 804 2800 paucis
833 2754 1020 2791 absolvam
1047 2762 1144 2800 tota,
1178 2761 1218 2789 ut
1245 2754 1395 2801 quisque
1424 2755 1588 2802 autopsia
1613 2755 1836 2791 convincere
1851 2761 1990 2802 potest,
2026 2759 2215 2789 structura
2243 2752 2296 2788 in-

368 2812 477 2852 terna
503 2817 606 2852 omni
634 2829 678 2851 ex
703 2824 808 2863 parte
837 2818 1037 2859 refutatur.
1063 2841 1111 2847 —

516 2935 589 2970 Hic
625 2934 804 2979 subsisto,
847 2935 937 2971 licet
973 2949 1036 2971 me
1070 2948 1141 2971 non
1174 2934 1315 2985 fugiat,
1363 2947 1448 2970 rem
1483 2948 1555 2970 non
1595 2937 1767 2973 omnibus
1795 2936 1961 2973 numeris
1997 2935 2218 2980 absolvisse,
2260 2944 2297 2971 at

367 2993 482 3030 verba
508 3006 570 3029 me
602 2996 794 3030 solvantur
823 2996 1027 3043 philosophi
1064 2995 1227 3042 opusculi
1260 2995 1365 3030 titulo
1399 2995 1591 3042 inscripta.
1662 2996 1761 3042 Quae
1789 3009 1885 3032 sane
1921 2996 2098 3043 sapientis
2129 2996 2297 3032 animad-

370 3054 514 3099 versio,
563 3054 595 3089 si
630 3068 700 3101 qua
735 3056 774 3091 111
809 3055 1002 3103 disciplina
1037 3063 1099 3091 aut
1135 3063 1215 3092 arte
1250 3055 1517 3090 authoritatem
1552 3063 1587 3091 et
1620 3052 1758 3104 pondus
1792 3055 1922 3101 habet,
1968 3057 2008 3091 in
2044 3057 2199 3092 historia
2234 3070 2296 3093 na-

371 3114 483 3150 turali
509 3113 656 3158 habuit,
691 3128 911 3162 semperque
939 3116 1088 3151 habebit
1117 3116 1340 3154 maximam.
1392 3114 1587 3151 Accedam
1615 3118 1738 3163 itaque
1759 3116 1803 3151 ad
1821 3116 2076 3152 enumeranda
2103 3117 2297 3157 animalia‚·

371 3175 475 3210 circa
509 3186 659 3209 vermes
694 3175 737 3210 ab
773 3177 819 3214 cl.
847 3177 1072 3221 Bremser,‹
1097 3177 1270 3212 Natterer
1305 3177 1413 3211 Patre
1449 3183 1485 3211 et
1511 3176 1633 3220 Filiis,
1677 3176 1841 3213 dissecta
1877 3184 1984 3223 atquc
2016 3176 2213 3226 indagata,
2260 3186 2295 3213 et

371 3248 440 3281 quo
465 3247 625 3270 recensu
652 3236 896 3285 perlegendo,
931 3237 1038 3271 unius
1066 3237 1242 3284 cujusque
1272 3243 1375 3271 certe
1403 3235 1600 3272 admiratio
1628 3244 1829 3282 movetur,
1873 3238 1973 3273 viros
2008 3238 2073 3273 hos
2107 3245 2187 3274 tam
2222 3239 2295 3274 exi-

373 3307 443 3343 guo
468 3295 647 3342 temporis
676 3296 813 3343 spatio,
845 3303 925 3331 tam
952 3297 1184 3332 immensum
1212 3297 1434 3332 thesaurum
1460 3295 1836 3346 helminthologicum
1863 3299 2134 3335 accumulasse.

456 3413 485 3448 ι)
526 3411 682 3444 Tab.111.
708 3412 823 3452 fig.28.
869 3427 911 3434 -—
1041 3415 1072 3449 2)
1116 3413 1282 3461 Entozool.
1306 3413 1426 3446 Vo].I.
1460 3425 1490 3453 p.
1509 3424 1579 3453 311.
1627 3431 1669 3437 —--
1801 3416 1832 3452 3)
1873 3414 1899 3445 1.
1923 3425 1947 3446 c.
