2520 4031
784 790 1641 845 Praefatio.

244 1017 360 1084 Inter
390 1055 443 1083 tot
476 1054 674 1095 tantaque,
729 1047 831 1083 nobis
864 1052 1039 1082 naturam
1074 1046 1241 1093 amplam
1269 1042 1588 1079 considerantibus
1616 1048 1652 1076 et
1678 1040 1998 1088 perscrutantibus
2023 1043 2178 1088 prolata,

245 1148 340 1183 quae
384 1135 605 1171 ulteriorem
661 1135 782 1172 adhuc
833 1111 1030 1170 merentur
1083 1132 1365 1181 indagationem
1381 1157 1391 1174 ,
1467 1129 1646 1164 animalia
1698 1129 1733 1163 H
1751 1141 1770 1163 e
1785 1129 1797 1163 l
1814 1140 1853 1162 m
1869 1128 1883 1162 i
1899 1142 1921 1163 n
1940 1135 1956 1163 t
1974 1128 1999 1164 11
2013 1141 2032 1163 e
2049 1141 2065 1164 s
2120 1133 2180 1168 vel

244 1221 277 1256 E
293 1236 316 1257 n
332 1229 380 1257 to
396 1235 452 1257 zo
471 1236 490 1258 a
519 1221 638 1267 dicta,
673 1223 712 1258 in
739 1223 862 1258 fronte
890 1234 934 1258 ac
961 1220 1062 1256 aditu
1090 1218 1195 1268 quasi
1221 1217 1338 1266 posita
1365 1215 1608 1260 offendimus,
1650 1226 1739 1251 cum
1765 1221 1846 1249 tam
1873 1222 1956 1250 ortu
1982 1214 2180 1264 singulari,

239 1320 357 1355 quam
383 1311 583 1358 praecipue
619 1310 719 1346 mira
746 1309 961 1345 formarum
988 1305 1255 1353 compositione
1284 1311 1320 1339 et
1347 1303 1584 1348 diversitate,
1639 1301 1718 1349 (ita
1752 1309 1792 1337 ut
1825 1302 1873 1341 cl.
1901 1302 2182 1338 Bremserus

243 1401 362 1432 totam
404 1397 486 1433 fere
525 1404 701 1436 naturam
738 1395 959 1444 organicam
1000 1394 1040 1429 in
1080 1391 1151 1427 illis
1186 1391 1387 1438 repetitam
1425 1402 1506 1425 esse
1549 1388 1846 1438 affirmaverit),
1900 1401 2029 1425 sensus
2068 1402 2181 1437 quam

242 1481 675 1529 fortissime‘alliciunt,
729 1482 972 1527 animumque
1015 1486 1221 1523 attentum,
1272 1492 1318 1514 ne
1348 1477 1474 1514 dicam
1501 1477 1699 1513 attonitum
1733 1475 1907 1515 reddunt.
1970 1475 2180 1512 Historiam

244 1568 546 1605 animaculorum
574 1570 711 1606 horum
737 1569 1027 1617 parasiticorum
1054 1564 1298 1615 perpendenti
1332 1565 1483 1601 obvium
1511 1564 1663 1611 quidem
1700 1563 1780 1611 jam
1815 1562 1941 1607 venit,
1993 1563 2181 1599 veteribus

245 1655 415 1691 notitiam
451 1656 639 1703 quandam
676 1657 826 1692 illorum
866 1655 966 1692 haud
999 1654 1184 1698 defuisse,
1239 1651 1304 1687 sed
1344 1664 1483 1699 paucas
1516 1658 1665 1687 tantum
1700 1657 1737 1686 et
1772 1648 1999 1697 praesertim
2036 1650 2181 1697 species

245 1740 432 1777 humanas
460 1732 607 1778 novisse
641 1743 846 1788 contentis,
898 1742 1016 1778 miras
1044 1741 1125 1778 illas
1153 1741 1296 1777 formas
1324 1740 1476 1775 omnino
1509 1739 1550 1774 in
1579 1739 1724 1775 occulto
1757 1737 2010 1782 remansisse,
2064 1737 2116 1772 ita
2142 1743 2183 1771 ut

246 1829 346 1864 nulla
382 1830 548 1873 ratione,
600 1837 773 1866 veterum
806 1829 937 1866 notitia
969 1828 1246 1872 helminthum,
1299 1839 1387 1862 cum
1422 1826 1515 1871 hac,
1568 1838 1640 1875 qua
1667 1825 1817 1861 nostris'
1836 1824 2067 1873 temporibus
2096 1835 2184 1871 pars

246 1913 341 1948 haec
369 1914 549 1946 historiae
577 1914 758 1966 naturalis
791 1916 950 1961 gaudet,
1002 1910 1255 1957 comparanda
1293 1912 1355 1951 sit.
1425 1911 1467 1946 In
1503 1911 1664 1958 qualibet
1700 1910 1802 1946 enim
1838 1916 1944 1958 parte
1955 1936 1994 1956 ,7
2020 1910 2185 1958 exeeptis

247 1990 480 2045 'solummodo
515 1997 724 2033 durioribus
759 2005 795 2033 et
827 1998 1046 2032 humoribus
1083 1996 1322 2043 rapidissimo
1359 2009 1468 2032 eursu
1504 1994 1772 2035 circumactis,
1827 1994 1992 2039 corporis
2027 1993 2186 2028 animati

249 2086 475 2122 animalium
499 2085 749 2133 superioribus
779 2067 957 2121 classibus
984 2083 1274 2131 adscriptorum,
1318 2079 1483 2116 studium
1511 2092 1556 2116 ac
1583 2079 1733 2115 solertia
1761 2077 2063 2114 clarissimorum
2089 2079 2186 2114 ‘viro-

249 2185 356 2218 rum,
403 2173 633 2209 helminthes
661 2185 733 2208 non
766 2173 887 2207 solum
921 2170 1083 2216 detexit,
1137 2169 1201 2206 sed
1228 2168 1323 2216 quod
1350 2169 1467 2204 multo
1494 2167 1652 2213 melius,
1708 2166 1827 2202 multa
1853 2178 1950 2201 vana
1978 2172 2087 2213 atque
2119 2165 2186 2201 fal-

250 2260 399 2297 sissima
425 2260 469 2296 de
497 2272 629 2296 eorum
656 2267 757 2304 ortu,
799 2259 876 2294 vita
903 2265 1012 2306 atque
1040 2258 1158 2294 noxiis
1186 2256 1405 2301 debellavit,
1454 2256 1672 2301 claramque
1699 2254 1825 2289 lucem
1853 2252 1941 2288 huic
1969 2251 2187 2299 disciplinae

251 2348 506 2395 superinfusit.
538 2368 580 2373 —-

399 2467 579 2512 Quamvis
614 2480 703 2503 vero
737 2479 803 2514 per
844 2473 963 2502 totum
1004 2466 1220 2501 litterarum
1260 2464 1473 2510 artiumque
1513 2461 1669 2505 orbem,
1730 2444 1820 2494 nulli
1854 2458 1997 2505 pariter
2033 2470 2076 2494 ac
2112 2458 2188 2494 hel-

252 2552 518 2603 minthologiae
545 2559 692 2589 tantum
719 2553 800 2588 fere
827 2552 1030 2605 recentiori
1058 2565 1148 2588 aevo
1170 2549 1349 2587 affulserit
1375 2548 1490 2594 lucis,
1535 2547 1714 2594 pluraque
1741 2544 1880 2592 scripta
1903 2551 2059 2580 naturae
2087 2557 2189 2580 scru-

252 2646 417 2675 tatorum
452 2639 554 2675 fama
588 2640 924 2676 celeberrimorum
959 2645 1131 2682 exstent,
1184 2638 1224 2673 in
1262 2636 1392 2684 quibus
1427 2633 1471 2669 de
1507 2632 1777 2669 helminthibus
1813 2631 1976 2681 cogitata
2010 2631 2049 2666 in
2083 2631 2189 2679 adpe-

253 2733 359 2761 ctum
400 2727 541 2773 prolata
577 2735 680 2772 sunt,
734 2729 873 2763 multae
907 2733 1058 2761 tamen
1082 2726 1238 2760 lacunae
1272 2724 1345 2759 hac
1387 2722 1425 2757 in
1459 2720 1654 2768 disciplina
1690 2725 1907 2765 supersunt,
1966 2719 2188 2768 magnisque

255 2811 376 2848 adhuc
403 2813 566 2848 tenebris
594 2815 783 2850 anatomia
812 2813 1068 2850 helminthum
1096 2810 1254 2847 obducta
1281 2817 1362 2854 est,
1415 2808 1488 2856 (de
1523 2807 1653 2855 quibus
1682 2818 1770 2841 vero
1797 2805 2076 2852 unusquisque,
2128 2804 2189 2852 qui

255 2898 526 2945 impedimenta
558 2899 805 2947 perficiendae
840 2899 1172 2948 helminthologiae
1208 2897 1335 2942 novit,
1390 2909 1461 2931 non
1495 2893 1744 2938 mirabitur,)
1796 2892 1848 2927 ita
1875 2899 1915 2926 ut
1941 2892 2189 2939 perscrutatio

257 2984 469 3020 anatomiea
497 2985 796 3022 animaculorum
823 2987 959 3021 horum
976 3012 987 3030 ,
1040 2984 1143 3022 haud
1174 2984 1339 3019 alienum
1367 2994 1454 3030 opus
1482 2981 1577 3016 mihi
1605 2980 1651 3015 sit
1678 2979 1803 3014 visum
1820 3005 1832 3023 ,
1886 2985 1921 3012 et
1948 2990 2019 3024 qua
2046 2978 2188 3013 ratione

258 3070 437 3106 adductus
477 3071 729 3120 cognitionem
777 3074 955 3115 illorum,
1006 3072 1163 3107 unicum
1201 3082 1332 3106 eorum
1375 3080 1492 3117 genus
1526 3064 1769 3102 describendo
1813 3071 1921 3112 atque
1957 3063 2189 3106 dissecando,

258 3169 396 3206 augere
423 3157 573 3203 studui,
626 3171 788 3206 quasque
823 3158 1098 3194 observationes
1132 3157 1171 3192 in
1205 3156 1377 3192 ordinem
1411 3152 1978 3199 Acanthocephalorum,
2033 3150 2189 3186 difficul-

257 3249 331 3278 tate
363 3244 498 3280 laboris
533 3244 675 3281 abunde
717 3245 929 3288 convictus,
981 3244 1039 3279 his
1074 3244 1112 3279 in
1143 3243 1279 3278 litteris
1312 3241 1467 3278 timidus
1501 3241 1686 3276 lectorum
1714 3239 1886 3275 manibus
1912 3236 2033 3276 trado,

408 3364 504 3400 Sane
530 3377 619 3400 vero
647 3364 692 3400 de
719 3365 892 3412 opusculo
916 3362 1248 3412 helminthologico
1275 3359 1542 3397 conscribendo
1568 3360 1605 3395 in
1632 3357 1821 3406 praesenti
1848 3369 1920 3391 non
1948 3356 2187 3404 cogitassem,

259 3461 372 3497 quum
412 3457 449 3485 et
480 3452 553 3487 lato
588 3451 767 3499 temporis
801 3450 916 3500 spatio
959 3457 996 3486 et
1035 3433 1230 3493 scientii?,
1290 3447 1420 3494 quibus
1452 3446 1538 3482 libri
1573 3452 1702 3481 auctor
1735 3443 1897 3494 gaudeat
1931 3454 2083 3477 necesse
2119 3447 2197 3494 esta

259 3542 461 3582 carerem,
515 3538 587 3573 nisi
628 3538 764 3574 itinere
803 3538 988 3574 litterario
1030 3537 1179 3574 Vienna
1221 3534 1371 3571 adtacta
1406 3534 1530 3569 clarus
1571 3533 1861 3574 Bremser,
1913 3529 1972 3564 vir
2014 3526 2184 3576 ingenio,
