2520 4031
951 302 1062 326 -—-·<
1165 298 1209 337 17
1311 297 1421 323 h-—-

358 424 362 427 .
864 386 1497 435 b)Collobrevi.

213 475 295 528 29)
353 466 762 526 Echinorhynchus
801 465 1163 525 plagicephalus.
1223 464 1342 508 mihi
1372 481 1419 508 11.
1451 479 1519 523 sp.

298 565 452 608 Synon.
496 565 572 596 Ech.
595 563 736 595 Huswzis.
780 561 997 602 Rudolphi
1019 561 1157 602 Synops.
1180 571 1210 600 p.
1222 567 1273 600 78.
1297 572 1347 590 nr.
1360 567 1411 596 80.
1434 580 1486 589 ...-
1528 559 1606 590 Ech,
1630 559 1770 592 Rutheni.
1796 562 1874 593 ibid.
1899 575 1947 596 ur.
1963 558 2013 599 ἐμ.

299 642 482 676 Charace.
527 642 693 673 Proboscis
714 640 904 682 longissima
926 640 1063 675 clavata,
1114 640 1267 675 incurva,
1311 641 1506 669 uncinorum
1528 639 1672 670 seriebus
1696 641 1828 677 multis;
1871 642 1991 672 collum
2014 644 2159 676 brevissi·

463 709 552 731 mlun
579 707 752 738 rugosum}
795 706 913 736 corpus
944 705 1027 726 teres
1050 697 1207 736 Utrinque
1240 703 1447 726 attenuatum.

296 778 397 810 Hah.
441 778 482 807 In
508 776 670 806 intestinis
699 776 981 814 Acipenseris
1012 775 1199 806 Husonis
1228 781 1260 804 et
1290 772 1476 803 rutheni.

993 853 1153 893 Tab.1,
1214 853 1300 902 fig,
1326 862 1385 892 10.

365 940 654 989 Descript.
706 941 872 978 Vermes
906 941 946 976 in
980 940 1078 976 illius
1112 939 1300 975 intestinis
1339 953 1430 975 vere
1458 940 1544 985 bis,
1605 937 1645 974 in
1680 937 1791 985 hujus
1826 948 2003 979 autumno
2039 948 2160 982 semel

210 1005 370 1054 reperti,
423 1004 597 1041 omnibus
623 1006 663 1041 in
689 1005 808 1054 signis
836 1003 1086 1050 concordant,
1127 1017 1192 1040 sex
1220 1003 1266 1039 ad
1294 1003 1430 1041 decem
1458 1005 1577 1041 lineas
1603 1003 1728 1053 longi,
1775 1004 1910 1051 albidi,
1945 1008 2162 1055 proboscide

208 1065 429 1117 longissima
455 1069 603 1105 clavata
619 1069 785 1105 ‘incurva
810 1067 928 1116 (unde
956 1070 1115 1112 nomen)
1146 1069 1185 1104 in
1218 1069 1324 1116 apice
1352 1068 1572 1114 rotundata,
1617 1075 1654 1102 et
1680 1068 1907 1107 uncinorum
1934 1072 2161 1113 reflexorum

209 1133 514 1170 duriusculorum
549 1134 720 1170 seriebus
755 1134 919 1179 circiter
945 1133 1081 1182 viginti
1118 1134 1158 1168 in
1194 1133 1448 1179 quincuncem
1475 1132 1603 1180 positis
1637 1132 1805 1180 munita5
1867 1147 2022 1184 corpore
2064 1140 2163 1179 laevi

207 1199 322 1234 tereti
339 1224 351 1243 ,
405 1198 579 1245 utrinque
622 1204 834 1233 retrorsum
876 1195 1001 1245 magis
1046 1203 1266 1241 attenuato,
1320 1203 1537 1232 antrorsum
1569 1196 1609 1230 in
1644 1196 1782 1231 collum
1823 1196 1937 1234 breve
1984 1214 2165 1251 rugosum

206 1262 407 1312 producto,
461 1262 640 1299 instructi
667 1268 766 1302 sunt.
826 1260 937 1308 Apex
971 1260 1137 1297 caudalis
1173 1260 1431 1303 foeminarum
1460 1260 1631 1306 obtusus,
1685 1261 1853 1304 marium
1881 1264 2102 1302 rotundatus
2130 1278 2166 1305 et

207 1329 375 1366 vesicula
400 1330 624 1377 plerumque
661 1327 904 1369 terminatus,
1933 1325 1935 1327 “

208 1492 284 1560 30)
344 1497 761 1557 Echinorhynchus
802 1495 1286 1556 dimorplsocephalus.
1348 1498 1468 1541 mihi
1503 1515 1547 1542 n.
1580 1513 1648 1558 sp.

274 1595 443 1636 -synom
486 1593 562 1625 Ech.
587 1593 794 1632 Muscicapae.
839 1591 1064 1631 Rudolphi
1092 1592 1233 1634 Synop3.
1256 1605 1290 1633 p.
1308 1602 1359 1633 77.
1383 1605 1434 1624 nr.
1452 1595 1503 1632 64.

293 1672 473 1704 charact.
516 1670 690 1702 Proboscis
721 1669 944 1708 subclevataffi
972 1673 1169 1702 uncinorum
1198 1673 1341 1703 seriebus
1371 1672 1562 1711 duodecim,
1606 1673 1726 1704 collum
1749 1673 1864 1713 breve·‚
1907 1685 2020 1716 corpus
2044 1685 2166 1711 antror-

462 1737 535 1758 sum
567 1725 721 1756 subovale
743 1733 922 1762 retrorsum
945 1729 1371 1772 attenuato-cylindricum.

294 1807 396 1839 Hah.
439 1805 480 1836 In
505 1805 670 1835 intestinis
705 1802 978 1843 Museicapae
1008 1806 1189 1838 collaris
1219 1815 1250 1837 et
1281 1808 1462 1838 olivar'is
1492 1809 1669 1840 Wilson.

963 1883 1067 1924 Tab.
1094 1883 1124 1922 Ι.
1193 1884 1276 1934 fig,
1303 1892 1340 1930 8,
1369 1898 1406 1935 9,

360 1971 604 2025 Descript.
656 1970 696 2016 a)
724 1968 969 2021 quscicap
981 1983 1030 2006 ae
1055 1971 1280 2020 collaris.
1333 1972 1650 2023 Echinorhynchi
1682 1975 1738 2012 bis
1764 1989 1855 2024 vere
1882 1980 2068 2026 reperti„
2098 1993 2164 2016 sex

209 2045 340 2075 octove
366 2037 487 2073 lineas
513 2023 630 2084 longi,
657 2034 850 2083 integram
878 2034 960 2070 sere
989 2024 1110 2071 crassi
1129 2043 1228 2075 sunt.
1281 2037 1475 2073 Proboscis
1503 2040 1616 2089 longa
1643 2039 1768 2075 varias
1795 2040 1941 2078 formas
1967 2045 2163 2091 mentitur,

206 2103 247 2139 in
273 2091 447 2151 plurimis
473 2100 620 2137 scilicet
647 2101 794 2136 clavata
821 2099 949 2136 media
981 2099 1021 2135 in
1048 2106 1155 2148 parte
1182 2113 1320 2148 parum
1348 2103 1565 2150 exsculpta,
1619 2103 1659 2139 in
1687 2105 1770 2141 aliis
1797 2106 1868 2143 hoc
1894 2108 1975 2143 loco
2002 2109 2054 2145 ita
2080 2122 2165 2146 con-

209 2169 360 2213 stricta,
386 2174 428 2203 ut
454 2166 621 2203 anterior
646 2178 732 2213 pars
758 2164 840 2200 fere
869 2165 1090 2215 subglobosa
1118 2165 1265 2202 reddita
1293 2167 1362 2212 sit,
1397 2167 1437 2203 in
1465 2169 1547 2204 aliis
1574 2170 1714 2218 partim
1742 2179 1910 2217 exserta,
1947 2173 2166 2223 subglobosa

210 2233 307 2269 mihi
333 2233 428 2278 visa,
455 2239 492 2267 et
508 2238 585 2267 tota
612 2238 761 2267 exserta
788 2231 1016 2267 uncinorum
1044 2231 1350 2268 duriusculorum
1376 2233 1608 2269 reflexorum
1636 2235 1804 2272 seriebus
1831 2236 1967 2273 decem
1993 2222 2052 2275 vel
2079 2240 2165 2277 duo-

210 2299 335 2337 decim
361 2300 401 2335 in
427 2299 682 2346 quincuncem
714 2297 842 2345 positis
877 2299 1045 2344 munita,
1091 2311 1320 2346 corporeque
1360 2297 1505 2345 oblique
1540 2299 1716 2347 imposita
1749 2308 1819 2340 est.
1872 2300 2021 2339 Collum
2048 2305 2164 2342 breve

210 2365 453 2407 distinctum,
480 2361 696 2410 proboscide
726 2363 849 2410 aliqua
874 2371 980 2411 parte
1000 2370 1168 2400 retracta
1190 2364 1350 2401 nullum.
1404 2361 1581 2412 Corporis
1605 2365 1753 2402 habitus
1780 2366 1820 2403 in
1846 2369 2019 2405 omnibus
2046 2370 2164 2417 idem,

212 2428 379 2466 anterior
405 2434 442 2462 et
468 2426 592 2462 min'or
617 2439 705 2474 pars
732 2427 878 2463 scilicet
907 2428 1069 2464 obovalis
1086 2454 1098 2473 ‚
1152 2427 1336 2476 posterior
1361 2428 1512 2463 tenuior
1537 2429 1619 2474 illi,
1674 2432 1840 2478 aequalis
1867 2433 2077 2481 cylindrica
2104 2437 2166 2472 vel

212 2506 346 2543 parum
374 2497 578 2533 attenuata,
635 2491 744 2540 Apex
771 2490 949 2529 caudalis‘
969 2494 1203 2532 subobtusus.

363 2556 405 2601 b)
434 2556 729 2603 Muscicapae
758 2556 949 2593 olivaris
967 2557 1038 2599 W,
1092 2556 1150 2599 Cl,
1170 2560 1394 2594 Natterer
1420 2559 1623 2596 Brasiliam
1650 2561 1834 2605 salutans,
1870 2569 1907 2597 et
1932 2560 2069 2598 itinere
2097 2576 2163 2599 suo

214 2620 439 2669 Hispaniam
468 2619 686 2671 adtingens,
737 2622 789 2658 ibi
815 2622 915 2659 hunc
934 2622 1301 2671 Echinorhynchum
1330 2621 1500 2668 offendit,
1555 2624 1660 2674 cujus
1687 2624 1898 2677 specimina
1923 2627 2163 2674 transmissa,

213 2686 374 2734 quinque
403 2691 439 2720 et
464 2684 562 2720 ultra
586 2685 703 2722 lineas
728 2688 860 2737 longa,
894 2687 1111 2736 proboscide
1138 2700 1280 2738 magna
1307 2687 1544 2732 subclavata,
1580 2688 1619 2724 in
1645 2685 1750 2736 apice
1777 2688 2024 2736 sulirotunda,
2061 2693 2163 2727 unci-

215 2763 351 2787 norum
378 2749 613 2785 minutorum
639 2751 869 2787 reflexorum
905 2760 941 2788 et
975 2751 1280 2792 duriusculorum
1315 2752 1484 2807 seriebus
1517 2752 1652 2791 decem
1680 2755 2016 2802 transversalibus,
2069 2758 2181 2793 collo

213 2816 320 2854 brevi
346 2813 542 2860 distincto,
597 2827 750 2863 corpore
779 2816 903 2852 antice
931 2816 1097 2862 obovali,
1150 2817 1292 2865 postice
1321 2817 1754 2866 attenuatoccylindrieo
1781 2820 1965 2855 instructa
1993 2828 2093 2860 sunt.

362 2877 501 2915 Varias
535 2878 576 2913 ob
611 2878 756 2916 formas
782 2880 1010 2928 proboscidis
1043 2881 1167 2929 primo
1201 2882 1339 2917 intuitu
1365 2882 1709 2930 Echinorhynehos
1742 2882 1908 2937 diversos
1936 2896 2017 2920 esse
2044 2892 2160 2933 patet,

213 2946 277 2984 vix
303 2951 432 2981 autem
459 2955 523 2980 me
548 2944 630 2979 illos
657 2945 917 2994 conjungendo
943 2946 983 2982 in
1010 2958 1183 2982 errorem
1211 2946 1389 2983 incidisse
1420 2946 1548 2988 credo,

214 3104 294 3161 31)
351 3100 768 3159 Echinorhynchus
811 3104 957 3162 agilis.
1019 3103 1138 3148 Rud.

297 3195 447 3237 synon.
498 3198 574 3229 Ech.
612 3197 712 3238 agilis.
755 3198 976 3240 Rud01ph1
1013 3193 1154 3241 synops.
1192 3211 1224 3240 p.
1241 3201 1281 3239 67
1306 3210 1338 3233 et
1362 3202 1435 3242 316.
1475 3212 1524 3234 nr.
1545 3200 1593 3235 16.

298 3274 482 3308 charact.
526 3277 692 3309 Proboscis
723 3269 857 3315 clavata,
912 3281 1112 3310 uncinorum
1144 3280 1287 3311 seriebus
1332 3281 1458 3319 tribum
1501 3282 1626 3312 collum
1656 3281 1898 3318 brevi³simum3
1939 3290 2054 3320 corpus
2089 3280 2161 3312 lon-

464 3334 651 3374 gissimum,
695 3343 778 3372 apex
808 3336 944 3366 caudalis
976 3337 1128 3367 inflexus.

297 3409 400 3441 Hah.
444 3410 484 3440 In
513 3412 678 3443 intest'mIs
708 3399 892 3454 Mugilis
923 3414 1113 3454 cephali.

993 3469 1097 3524 Tar.
1125 3485 1156 3524 1.
1227 3485 1375 3535 fig,1,
1433 3541 1458 3579 5
