2520 4031
1093 290 1202 316 -ι--ε
1305 289 1350 320 12
1448 289 1557 314 »-

643 394 684 446 3)
751 382 1099 430 Proboscide
1148 381 1394 437 oblonga
1440 377 1625 423 medio
1672 377 2000 420 incrassata.

1037 493 1077 538 a)
1137 489 1333 526 Collo
1393 487 1604 525 nullo,

364 593 439 643 18)
498 578 907 639 Echinorhynchus
950 575 1160 619 Pumilio.
1221 572 1338 617 Rud.

441 681 593 723 Synon.
638 678 711 708 Ech.
741 674 878 705 Pumilio.
916 673 1136 711 Rudolphi
1158 670 1293 711 Synops.
1317 680 1347 708 p.
1363 669 1413 700 66.
1439 675 1509 706 314.
1542 677 1592 697 nr.
1614 673 1662 699 ιῐ.
1686 683 1728 692 -ι-
1790 667 1854 697 Ech
1876 666 1965 695 Acus.
2000 652 2165 695 N'otitia
2187 674 2218 702 p.
2235 664 2285 695 26.

442 759 621 792 charact,
664 752 832 783 Proboscis
854 752 959 782 medio
983 752 1160 785 incrassata,
1183 749 1371 779 uncinoirum
1394 747 1654 776 brevissimorum
1676 744 1818 776 seriebus
1842 751 1981 785 quatuor
2002 743 2055 773 vel
2073 754 2139 780 sex,
2164 743 2288 773 collum

608 809 754 844 nullum,
792 817 905 845 corpus
931 800 1159 846 cylindricum.

442 894 539 925 Hah,
583 887 622 917 In
652 888 809 919 intestinis
839 884 996 923 Lophii
1023 881 1280 921 piscatorii,
1325 881 1427 912 Gadi
1461 881 1643 917 barbati,
1693 880 1893 909 Mei-lucii
1924 887 1954 909 et
1977 876 2287 908 mediterranei.

505 981 747 1028 Descript,
799 979 961 1014 Vermes
995 988 1039 1009 ex
1073 974 1233 1020 piscibus
1270 973 1378 1008 modo
1415 974 1645 1008 enumeratis
1681 974 1785 1019 lapsu
1823 973 1861 1007 in
1891 971 2027 1007 Notitia
2062 969 2288 1006 collectionis

359 1052 423 1088 sub
448 1047 570 1096 specie
597 1040 910 1089 Echinorhynchi
936 1038 1040 1074 Acus
1066 1036 1215 1072 adducti
1225 1062 1237 1080 ,
1289 1036 1327 1070 in
1356 1035 1485 1080 quibus
1512 1035 1574 1071 hic
1602 1048 1743 1082 quoque
1771 1036 1937 1071 occurrit
1954 1062 1966 1080 ,
2018 1035 2062 1070 ab
2089 1034 2172 1068 Acu
2200 1045 2290 1069 vero

359 1124 434 1151 tam
459 1108 685 1159 proboscidis
712 1107 860 1149 forma,
913 1114 1026 1150 quam
1052 1099 1282 1151 longitudine
1310 1100 1362 1134 ita
1389 1099 1529 1134 diversi
1557 1104 1661 1142 sunt,
1701 1101 1743 1132 ut
1769 1099 1934 1145 speciem
1963 1098 2179 1135 distinctam
2207 1109 2290 1132 con-

356 1179 443 1213 dere
469 1171 729 1211 necessarium
756 1168 853 1205 mihi
879 1168 927 1203 sit
953 1166 1098 1210 visum,
1152 1170 1188 1199 et
1214 1164 1309 1199 haec
1336 1163 1473 1198 habent
1500 1161 1606 1210 signa
1634 1160 1965 1201 characteristicaz

507 1254 545 1298 a)
579 1247 753 1296 Lopliii
786 1244 1056 1295 piscatorii.
1110 1242 1261 1289 Hyeme
1285 1241 1404 1275 semel
1430 1241 1592 1288 reperti,
1643 1240 1785 1276 lineam
1811 1239 2000 1291 integram
2026 1242 2086 1276 vel
2111 1252 2227 1276 unam
2255 1246 2291 1274 et

354 1317 552 1356 dimidiam
585 1312 687 1362 longi
705 1338 716 1356 ,
770 1310 870 1353 albi,
923 1305 1129 1343 duriusculi
1148 1333 1160 1350 ,
1211 1304 1426 1352 proboscide
1466 1305 1573 1340 brevi
1615 1304 1808 1354 gaudent,
1862 1318 1953 1352 quae
1990 1304 2159 1340 medium
2193 1304 2292 1339 inter

355 1381 613 1432 subglobosam
642 1384 678 1411 ct
705 1374 901 1422 oblongam
928 1378 1058 1415 tenet,
1113 1382 1201 1405 cum
1229 1381 1316 1403 mox
1342 1369 1381 1403 in
1407 1380 1480 1403 uno
1510 1370 1716 1416 specimine
1745 1369 1870 1405 media
1896 1370 1935 1406 in
1961 1377 2065 1417 parte
2092 1368 2290 1414 tumidula,

354 1451 391 1485 in
419 1448 533 1482 altero
561 1454 650 1477 voro
680 1440 750 1475 hoc
776 1440 856 1473 1000
883 1447 1017 1483 parum
1047 1434 1248 1470 constricta
1277 1434 1338 1473 sit.
1399 1432 1534 1468 Uncini
1571 1430 1668 1470 serie
1697 1434 1930 1483 quadruplici
1964 1433 2159 1481 dispositi,
2209 1432 2292 1467 bre-

357 1509 502 1547 vissimi
529 1505 679 1555 quidem
716 1503 780 1539 sed
814 1498 944 1537 reflexi
981 1512 1025 1534 ac
1060 1499 1164 1546 apice
1194 1506 1302 1534 acuto
1329 1497 1503 1533 instructi
1533 1506 1631 1535 sunt.
1691 1497 1833 1546 Corpus
1859 1499 2032 1545 utrinque
2061 1504 2294 1533 attenuatum

358 1582 571 1613 antrorsum
600 1571 692 1606 collo
730 1566 927 1603 deficiente
965 1563 1007 1599 ab
1046 1561 1125 1609 ipsa
1162 1561 1400 1609 proboscide,
1453 1567 1661 1596 retrorsum
1699 1561 1804 1608 apice
1839 1562 1984 1598 caudali
2011 1561 2138 1598 obtuso
2164 1561 2293 1597 termi-

358 1648 487 1683 natur,
540 1636 601 1672 cui
628 1635 665 1669 in
694 1631 859 1668 maribus
888 1628 1052 1665 vesicula
1079 1627 1288 1676 globulosa,
1343 1639 1534 1674 nunquam
1562 1624 1657 1660 mihi
1683 1624 1859 1672 didyma,
1912 1624 1967 1658 uti
1993 1627 2040 1662 cl.
2064 1624 2294 1673 Rudolphi

361 1707 438 1742 visa
467 1703 660 1740 adhaeret.
711 1696 934 1745 Superfici'es
962 1694 1000 1728 in
1028 1692 1211 1727 nonnullis
1239 1692 1397 1727 obsolete
1424 1690 1528 1738 rugis
1552 1688 1864 1724 transversalibus
1893 1688 2107 1725 constricta.

510 1783 550 1827 b)
578 1778 698 1817 Gadi
731 1775 932 1812 barbati.
985 1773 1086 1808 Vere
1115 1771 1308 1820 quinquies
1336 1769 1538 1817 repertus,
1567 1767 1657 1803 duas
1684 1768 1803 1804 lineas
1830 1768 1983 1817 longuS,
2023 1767 2125 1803 albus
2153 1767 2295 1803 durius-

359 1853 476 1887 culus.
528 1844 720 1882 Proboscis
746 1842 784 1877 in
812 1839 983 1876 omnibus
1012 1834 1138 1871 media
1165 1836 1203 1871 in
1232 1841 1335 1883 parte
1363 1834 1593 1877 incrassata,
1623 1832 1728 1878 apice
1756 1831 1980 1867 subrotundo
2008 1839 2044 1867 et
2070 1832 2295 1870 uncinorum

359 1914 525 1951 seriebus
553 1923 616 1946 sex
642 1905 956 1943 transversalibus
982 1895 1154 1941 munita(
1204 1899 1351 1937 Collum
1385 1899 1542 1937 nullum,
1611 1893 1754 1943 Corpus
1782 1903 1881 1932 teres
1907 1897 2126 1944 inaequale,
2180 1896 2296 1932 utrin-

358 1993 426 2037 que
455 1985 669 2014 antrorsum
696 1980 826 2008 tamen
852 1970 976 2018 magis
1005 1974 1271 2010 attenuatum,
1326 1962 1431 2010 apice
1459 1961 1585 1997 obtuso
1613 1961 1854 2002 instructum,

510 2056 550 2100 ο)
584 2050 703 2089 Gadi
734 2047 973 2084 Merlucii.
1024 2046 1082 2081 De
1110 2042 1439 2091 Echinorhynchis
1474 2054 1564 2076 vere
1594 2041 1713 2076 semel
1748 2040 1929 2088 repertisff,
1959 2040 2110 2088 ¹omnia
2136 2038 2295 2077 adducta

350 2123 512 2163 valent,
561 2114 749 2165 proboscis
781 2120 822 2148 ut
854 2112 892 2147 in
925 2112 997 2147 illis
1024 2110 1160 2158 Lophii
1194 2121 1280 2144 mox
1314 2106 1438 2143 medio
1473 2117 1606 2154 parum
1641 2105 1849 2140 incrassata
1879 2117 1964 2139 mox
1992 2104 2195 2141 constricta
2223 2113 2292 2150 est,

363 2194 399 2222 et
425 2197 518 2232 apex
545 2180 710 2217 caudalis
738 2178 875 2213 duobus
901 2179 940 2212 in
966 2175 1232 2224 speciminibus
1259 2173 1468 2208 vesiculam
1496 2170 1792 2219 cyathiformem
1818 2170 2021 2218 adpensam
2047 2177 2246 2210 monstrat.

516 2261 557 2306 d)
591 2258 711 2296 Gadi
746 2254 1106 2293 mediterranei.
1158 2253 1232 2287 Ter
1268 2263 1358 2290 vere
1392 2248 1562 2297 reperti,
1613 2248 1783 2285 omnibus
1815 2249 1855 2284 in
1888 2248 2057 2284 numeris
2085 2260 2172 2284 cum
2200 2248 2295 2295 prio-

365 2331 430 2365 bus
464 2322 704 2362 conveniunt,

517 2391 613 2424 Num
641 2386 728 2434 pulli
755 2385 1065 2434 Echinorhynchi
1091 2380 1221 2422 Acus?

371 2554 446 2606 19>
505 2546 915 2606 Echinorhynchus
955 2562 1233 2593 macrourus.
1294 2548 1439 2591 Brem.
1471 2563 1516 2591 n.
1548 2562 1613 2606 sp.

452 2644 605 2685 Synon.
650 2644 725 2675 Ech.
747 2644 869 2674 Ardeae
889 2657 1071 2686 purpureae.
1115 2644 1328 2683 Rudolphi
1357 2644 1492 2684 Synops.
1516 2655 1545 2684 p.
1564 2650 1613 2683 78·
1644 2653 1692 2672 nr·
1712 2648 1763 2682 720'

453 2723 639 2754 Charact.
683 2723 847 2754 Proboscis
875 2723 970 2764 longa
999 2724 1105 2754 medio
1127 2725 1314 2760 incrassata,
1358 2724 1551 2753 uncinorum
1574 2722 1716 2752 seriebus
1748 2719 1873 2750 circiter
1894 2717 2120 2760 quadraginta3
2172 2716 2294 2746 cossum

618 2778 767 2814 nullum,
817 2788 932 2817 corpus
962 2780 1061 2809 antice
1090 2780 1203 2816 ovale,
1230 2780 1366 2817 ,postice
1395 2779 1527 2819 aequale
1550 2780 1774 2819 cylindricum.

454 2854 556 2886 Hah.
602 2854 641 2885 In.
671 2857 832 2886 intestinis
863 2855 1021 2886 Ardeae
1051 2867 1298 2896 purpureae.

523 2948 758 2998 Descript.
807 2950 992 2986 Vermem
1015 2948 1135 2995 hunc,
1165 2963 1185 2986 a
1213 2952 1260 2989 cl.
1282 2951 1524 2986 Bremsero
1549 2963 1639 2987 vere
1668 2958 1703 2987 et
1729 2939 1868 2986 aestate
1889 2941 2012 2982 'semel
2039 2957 2084 2981 ex
2110 2943 2295 2980 intestinis

375 3011 523 3047 Ardeae
551 3026 702 3061 purpur,
728 3016 869 3050 lectum
887 3042 898 3060 ,
952 3028 1040 3051 cum
1074 3027 1142 3050 nec
1177 3016 1268 3050 collo
1296 3028 1364 3051 nec
1400 3029 1552 3063 corpore
1580 3016 1708 3050 striato
1734 3015 1794 3049 vel
1820 3017 1964 3047 armato
1994 3010 2198 3045 instructus
2226 3014 2295 3052 est,

377 3076 541 3123 speciem
568 3090 704 3113 novam
732 3079 891 3115 condere
918 3092 1114 3127 persuasus
1143 3091 1242 3118 sum.
1300 3079 1515 3127 Specimina
1550 3080 1645 3115 mihi
1676 3079 1778 3121 visa,
1830 3083 1906 3110 tres
1942 3080 2143 3121 quatuorve
2177 3072 2295 3107 lineas

377 3141 505 3188 longa,
535 3140 672 3186 albida,
701 3143 955 3190 proboscidem
982 3144 1261 3193 longissimam,
1291 3151 1462 3192 quartam
1489 3144 1598 3180 totius
1623 3139 1860 3189 longitudinis
1886 3145 2033 3186 partem
2061 3144 2296 3185 aequantem,

379 3203 502 3238 medio
529 3204 795 3252 incrassatam,
824 3207 927 3254 apice
954 3215 1123 3244 truncato
1149 3215 1184 3244 et
1204 3208 1430 3243 uncinorum
1453 3206 1702 3244 mediocrium
1725 3203 1890 3240 seriebus
1912 3201 2155 3250 quadraginta
2179 3207 2296 3236 trans·
2345 3191 2346 3194 ¹

380 3267 583 3303 versalibus
611 3270 763 3306 circiter
791 3279 977 3306 armatam
1008 3285 1050 3308 ac
1078 3274 1300 3307 instructam
1326 3272 1474 3311 habent.
1534 3269 1680 3306 Collum
1708 3269 1872 3312 nullum,
1925 3265 1989 3301 sed
2015 3277 2146 3312 corpus
2174 3264 2296 3300 antice

385 3331 555 3366 crassitie
589 3332 651 3367 vix
684 3334 908 3380 proboscidis
944 3336 1047 3371 basin
1081 3349 1278 3383 superans,
1321 3335 1439 3371 subito
1473 3335 1547 3370 abit
1578 3335 1619 3371 in
1652 3334 1815 3368 formam
1851 3330 2063 3374 obovalem,
2118 3329 2179 3365 cui
2212 3340 2297 3376 pars

383 3395 564 3440 posterior
581 3408 623 3431 ac
647 3397 790 3445 longior
806 3400 966 3448 aequalis
986 3400 1195 3448 cylindrica
1217 3399 1356 3436 caudae
1380 3399 1424 3435 ad
1446 3400 1565 3435 instar
1589 3397 1779 3435 adhaeret.
1829 3395 1937 3443 Apex
1953 3393 2117 3430 <laudans
2135 3393 2296 3431 Obtusus·

535 3460 631 3495 Num
663 3462 911 3508 parasiticus?
941 3484 982 3490 —-
