2520 4031
919 255 1029 314 -ἑ
1123 277 1176 335 ’63
1274 291 1383 311 ³——

181 386 278 418 snnt,
339 377 558 413 Structurae
592 376 632 411 in
664 375 994 424 Echinorhynchis
1034 376 1343 424 contemplatione
1377 376 1422 412 de
1456 389 1565 412 sexus
1598 379 1809 420 differentia
1844 381 1987 420 abunde
2021 395 2106 419 con-

184 441 391 485 vincimur,
434 452 504 475 nec
532 439 654 486 itaque
682 441 730 478 cl.
756 439 801 475 ab
830 438 990 476 Olfers
1013 442 1044 484 ι)
1073 440 1371 487 assentiendum,
1415 441 1477 488 qui
1514 440 1816 493 androgynos
1853 460 2004 484 vermes
2041 448 2106 483 hos

183 518 262 542 esse
291 505 505 553 oppinatur‚
559 517 628 551 qua
653 516 743 539 vero
767 503 910 541 ratione
938 504 1043 540 hisce
1069 505 1108 540 in
1136 504 1358 541 animaculis
1384 505 1598 555 propagatio
1625 517 1825 556 peragatur
1851 512 1914 547 vix
1942 523 2106 558 unquam

182 568 227 605 ad
255 570 377 605 oculos
408 567 560 615 patebit.
635 566 856 615 Opinionem
900 568 940 604 in
978 570 1104 603 lucem
1138 568 1308 616 proferre
1338 569 1370 604 si
1410 569 1467 605 fas
1502 577 1576 615 est,
1632 582 1699 620 ego
1731 572 1857 607 solerti
1891 583 2103 611 structurae

180 631 492 679 contemplatione
528 632 728 676 adductus,
777 631 1143 680 Echinorhynchum
1178 643 1266 668 cum
1293 633 1340 671 cl.
1374 633 1604 682 Rudolphi
1631 639 1665 677 ²)
1708 634 1867 682 oviparis
1902 638 2106 675 adnumero

181 696 466 743 helminthibus5
508 710 554 732 ex
580 697 818 744 comprobata
844 696 925 731 fere
952 696 991 731 in
1018 695 1123 731 hisce
1151 696 1373 731 animaculis
1401 697 1518 733 coitus
1546 698 1840 745 impossibilitate
1869 711 1935 735 sua
1964 710 2104 747 sponte,

179 761 271 809 quod
295 774 383 796 vero
410 761 600 796 Miilleri
621 762 654 805 3)
681 760 883 808 opininioni
919 766 1215 795 consentaneum
1249 772 1320 794 non
1356 767 1430 804 est,
1483 762 1703 808 propullulat
1733 763 1921 799 conclusio
1955 776 2105 802 vermes

179 825 245 861 hos
280 825 465 872 viviparos
493 837 564 860 non
591 836 690 869 esse3
732 835 822 859 nam
850 824 996 859 nonnisi
1025 823 1212 859 celebrato
1239 830 1348 860 antea
1375 825 1474 860 coitu
1501 825 1605 860 vivos
1633 824 1744 860 edere
1779 827 1894 873 pullos
1929 827 2108 865 animalia

177 896 347 937 possunt,
377 900 465 935 quos
490 900 580 923 vero
606 887 710 922 vivos
737 888 774 922 M
785 888 966 923 iillerus
993 887 1129 924 vidisse
1159 887 1326 924 affirmat
1352 888 1600 937 embryoncs,
1641 888 1706 924 hos
1733 889 1785 928 ill,
1814 890 1992 938 Rudolp
2004 892 2051 927 hi
2070 894 2106 937 4)

178 954 239 989 eui
266 960 303 988 et
329 964 397 1001 ego
425 951 612 996 assentio,
666 958 814 988 matura
847 960 883 988 et
919 965 941 988 a
967 952 1112 988 femina
1139 951 1353 999 deponenda
1387 965 1456 989 ova
1491 953 1606 989 fuisse
1638 959 1756 1000 putat.
1824 952 1894 989 Ast
1927 968 2025 991 nunc
2061 955 2108 992 ad

176 1018 367 1063 utriusque
394 1028 502 1051 sexus
530 1014 870 1052 considerationem
899 1017 1032 1064 ipsam.

328 1081 370 1117 In
386 1080 567 1115 testiculis
585 1094 628 1115 ex
645 1080 803 1116 humore
821 1081 975 1128 papillae
999 1080 1225 1129 proboscidis
1243 1094 1309 1128 ope
1333 1077 1531 1125 exhausto,
1560 1088 1596 1116 et
1611 1094 1678 1128 per
1698 1094 1765 1118 vas
1786 1093 1897 1130 supra
1917 1083 2108 1120 laudatum

178 1147 298 1184 adlato
321 1156 453 1180 semen
474 1151 630 1191 paratur
657 1156 745 1179 mox
773 1144 812 1180 in
837 1145 1022 1181 vesiculas
1051 1145 1253 1180 seminales
1281 1143 1563 1189 deducendum,
1599 1140 1721 1191 ibique
1747 1157 1858 1192 quem
1883 1145 1929 1181 ad
1953 1147 2106 1185 modum

176 1212 214 1247 in
240 1209 322 1246 aliis
353 1208 575 1245 animalium
608 1208 801 1255 speciebus
833 1216 913 1244 tam
949 1208 1011 1244 diu
1046 1207 1373 1252 conservandum,
1429 1206 1546 1243 donec
1581 1220 1663 1243 mas
1698 1208 1906 1246 functiones
1941 1214 2109 1249 sexu-ales

176 1273 409 1321 exsequendo
444 1285 576 1309 semen
603 1279 796 1307 maturum
829 1285 897 1320 per
929 1272 1099 1308 tubulum
1134 1272 1233 1307 vasis
1269 1270 1473 1306 deferentis
1509 1272 1681 1317 ejaculat,
1745 1272 1805 1308 Ad
1846 1281 1973 1309 actum
2010 1275 2109 1312 hunc

174 1337 446 1388 perficiendum
473 1337 511 1373 in
538 1338 642 1385 apice
671 1336 817 1372 caudali
843 1347 1009 1385 organon
1039 1334 1266 1381 adjuterium
1293 1335 1500 1378 formatur,
1545 1336 1711 1372 vesicula
1736 1336 1920 1373 nimirum
1945 1338 2110 1376 caudalis

176 1403 221 1440 ab
249 1402 419 1439 omnibus
447 1402 659 1437 auctoribus
684 1401 762 1447 jam
789 1399 1006 1443 observata,
1060 1399 1165 1445 cujus
1193 1398 1365 1448 orginem
1402 1399 1456 1434 sic
1485 1400 1640 1446 explico,

326 1466 573 1513 Exposuimus
606 1476 718 1511 supra
750 1463 920 1499 tubulum
956 1475 1002 1498 ex
1038 1462 1181 1498 ultimis
1207 1462 1358 1501 vesicae
1385 1463 1577 1498 seminalis
1605 1463 1836 1501 diverticulis
1869 1474 1931 1502 aut
1958 1467 2019 1503 ubi
2046 1469 2108 1506 illa

175 1532 292 1576 deest,
328 1530 382 1565 uti
408 1530 446 1565 in
473 1528 568 1567 Ech.
585 1527 755 1572 caudato,
792 1527 948 1563 Lancea
967 1534 1055 1572 etc„
1092 1540 1137 1562 ex
1164 1528 1358 1562 communi
1385 1539 1473 1563 vase
1503 1524 1695 1563 deferente
1724 1528 1824 1564 infra
1851 1530 1998 1565 laevem
2026 1533 2110 1567 stri-

174 1605 301 1632 turam
330 1601 522 1636 exortum,
566 1593 608 1627 ab
637 1591 860 1627 membrana
887 1592 1061 1627 cellulosa
1087 1591 1277 1627 fimbriam
1306 1591 1494 1627 formante
1520 1591 1678 1627 flaccide
1706 1605 1786 1628 esse
1817 1593 2110 1636 circumdatum,

175 1660 396 1697 Membrana
422 1658 516 1693 haec
551 1657 741 1692 internam
776 1663 973 1702 aperturae
1008 1654 1174 1691 caudalis
1207 1655 1348 1691 faciem
1377 1656 1410 1701 5)
1451 1655 1691 1700 circumdat,
1747 1664 1783 1691 et
1818 1669 1958 1704 quoque
1994 1659 2112 1696 tubuli

177 1721 616 1775 globuloso-acuminati
653 1720 749 1768 apici
782 1719 902 1756 adfixa
936 1726 1003 1758 est.
1068 1720 1173 1756 Nunc
1209 1719 1464 1755 contractione
1499 1719 1678 1755 fibrarum
1712 1720 2038 1770 longitudinalium
2075 1731 2111 1759 et

176 1787 399 1825 remissione
428 1786 694 1829 circularium,
747 1783 778 1820 si
813 1796 944 1819 semen
981 1790 1036 1819 est
1070 1783 1296 1830 ejiciendum
1330 1783 1558 1820 abbreviatio
1587 1785 1726 1829 oritur,
1778 1798 1847 1832 qua
1875 1786 1916 1821 fit
1942 1793 1983 1821 ut
2009 1788 2112 1835 geni-

150 1853 266 1901 ¹talia
293 1863 381 1887 cum
407 1850 555 1885 interna
590 1848 754 1900 corporis
787 1848 1010 1883 membrana
1042 1848 1137 1882 telae
1172 1849 1370 1884 cellulosae
1405 1855 1442 1883 et
1475 1850 1734 1884 musculorum
1767 1850 2004 1896 propriorum
2045 1865 2111 1899 ope

173 1918 290 1967 ligata
313 1926 447 1950 eversus
474 1913 621 1960 apicem
647 1912 905 1960 protudantur.
956 1910 1100 1946 Eodem
1127 1919 1318 1947 momento
1347 1912 1508 1947 musculi
1535 1924 1646 1960 supra
1674 1912 1871 1960 descripti,
1907 1922 2113 1961 protuso-

175 1994 248 2018 res
276 1978 563 2029 genitalium
590 1976 703 2021 dicti,
739 1989 852 2025 agere
879 1975 1082 2022 incipiunt,
1119 1975 1304 2010 extricant
1327 1976 1583 2011 contractione
1610 1977 1649 2011 in
1676 1989 1714 2012 se
1742 1976 1838 2024 ipsos
1866 1990 1933 2025 per
1967 1987 2112 2026 apertu-

175 2057 260 2081 ram
288 2043 435 2090 apicem
463 2041 601 2086 tubuli,
653 2041 715 2088 qui
742 2039 954 2076 arctissime
989 2040 1137 2086 junctus
1170 2038 1320 2075 fimbria
1346 2039 1445 2075 hanc
1485 2039 1659 2085 invertit,
1713 2047 1750 2076 et
1780 2041 1845 2076 tali
1878 2042 1987 2078 niodo
2017 2045 2112 2080 vesi-

177 2121 263 2145 cam
300 2108 442 2143 format
475 2105 685 2145 caudalem,
1261 2100 1265 2104 ’

323 2171 429 2207 Talia
454 2168 676 2218 proferendo
703 2181 765 2204 me
794 2181 866 2204 non
895 2169 1057 2204 multum
1086 2167 1129 2204 ab
1157 2167 1327 2204 veritatis
1361 2167 1516 2203 tramite
1552 2165 1746 2205 ab'errasse
1780 2176 1889 2215 puto,
1938 2170 2112 2218 frequen-

176 2246 232 2273 tes
260 2236 362 2272 enim
389 2242 426 2270 et
452 2234 496 2270 de
525 2247 594 2281 quo
620 2233 810 2281 imprimis
838 2232 977 2282 glorior
1004 2244 1155 2268 summa
1190 2235 1277 2268 cum
1311 2231 1504 2280 diligentia
1541 2235 1606 2270 sub
1641 2232 1816 2279 auspiciis
1849 2236 1991 2271 summi
2025 2237 2113 2280 Hel-

177 2299 419 2348 minthologi,
452 2298 538 2334 boni
565 2297 806 2333 Bremseri
831 2297 1022 2333 institutae
1043 2296 1318 2332 observationes
1338 2295 1584 2331 insertionem
1607 2295 1834 2344 descriptam
1858 2299 2112 2346 ostenderunt,

178 2373 216 2401 et
242 2363 337 2412 qnod
361 2363 482 2398 bullae
509 2362 764 2399 inversionem
793 2361 923 2397 attinet
949 2360 1108 2396 eandem
1134 2360 1213 2406 jam
1241 2359 1336 2407 apud
1364 2360 1410 2399 cl.
1429 2359 1622 2394 Nitzseh
1643 2361 1676 2404 ⁶)
1705 2368 1920 2397 annotatam
1947 2363 2112 2405 invenio,

179 2431 222 2466 In
250 2427 418 2475 ejusdem
446 2439 535 2461 vero
567 2438 677 2461 usum
705 2426 935 2472 inquirentes
964 2424 1200 2460 difficultates
1227 2423 1406 2470 quasdam
1441 2423 1666 2469 expositione
1700 2423 1934 2465 offendimus.
2003 2428 2115 2464 Pront

181 2494 375 2535 Mamer,
419 2489 596 2536 Goeze,
641 2489 794 2526 Zeder
829 2498 865 2526 et
891 2488 1124 2535 Rudolphi
1165 2486 1735 2534 aliique¹Echinorhynchorum
1770 2489 1948 2537 genitalia
1982 2503 2115 2539 cogno-

180 2557 354 2599 scebant,
400 2554 609 2589 vesiculam
641 2555 740 2590 hanc
775 2554 973 2590 caudalem
1008 2552 1258 2588 essentialiter
1297 2550 1343 2587 ad
1379 2549 1598 2598 adparatum
1633 2552 1824 2587 sexualem
1859 2554 2113 2607 masculinum

180 2628 352 2669 spectare
388 2617 524 2664 opinati
558 2624 660 2663 sunt5
712 2617 935 2654 diverticula
970 2616 1072 2652 enim
1106 2616 1171 2651 sub
1206 2615 1370 2663 corporis
1409 2613 1523 2650 finem
1558 2613 1715 2650 videnda
1751 2622 1858 2662 atque
1896 2620 2114 2665 corpuscula

182 2682 339 2721 rotunda
365 2682 406 2717 in
431 2681 596 2717 vesicula
623 2680 830 2730 detegenda
856 2695 926 2717 non
952 2681 1222 2725 discernentes,
1253 2679 1318 2714 illa
1333 2678 1399 2732 sub
1423 2677 1719 2714 foecundationis
1747 2686 1832 2715 actu
1853 2680 1892 2715 in
1908 2681 2115 2719 vesiculam

182 2762 254 2785 non
281 2747 400 2782 solum
427 2745 584 2789 intrare,
612 2744 676 2781 sed
696 2746 851 2782 ulterius
879 2746 1001 2782 adhuc
1028 2743 1242 2793 promoveri
1269 2743 1497 2796 dubitarunt,
1525 2741 1564 2777 in
1592 2754 1662 2787 qua
1689 2742 1858 2789 opinione
1885 2744 1937 2781 ill.
1954 2745 2114 2781 Rudol-

182 2811 257 2861 phi
283 2813 315 2856 7)
351 2816 475 2856 postea
503 2811 722 2856 corpuscula
746 2810 992 2858 pyriformia,
1042 2808 1263 2858 appendices
1289 2806 1409 2843 bullae
1437 2806 1623 2850 caudaliS,
1680 2806 1881 2843 observans
1909 2808 2030 2857 magis
2059 2817 2115 2845 est

184 2876 427 2914 confortatus,
481 2875 560 2923 Ego
578 2887 668 2910 vero
695 2888 764 2911 nec
789 2878 1008 2923 corpuscula
1025 2876 1120 2912 haec
1143 2873 1293 2911 vesicae
1320 2871 1512 2908 seminalis
1541 2883 1620 2906 esse
1647 2869 1889 2916 diverticula,
1923 2885 1993 2908 nec
2020 2873 2116 2909 vesi-

185 2941 312 2976 culam
338 2938 550 2973 necessarie
577 2937 622 2973 ad
649 2935 869 2984 adparatum
897 2941 1090 2975 sexualem
1117 2944 1285 2986 spectare
1315 2948 1357 2971 eo
1384 2936 1509 2971 minus
1537 2947 1692 2978 cense0‚
1737 2946 1852 2981 quum
1879 2948 1924 2971 ex
1951 2937 2115 2984 partium

185 3003 405 3054 genitalium
441 3001 738 3038 consideratione
781 3004 924 3048 elucet,
977 3004 1163 3040 vesiculas
1207 3000 1406 3037 seminales
1445 3000 1484 3035 in
1526 2999 1729 3047 posteriore
1763 3006 1868 3046 parte
1901 3000 1988 3036 sitas
2018 3001 2118 3037 fora-s

185 3067 330 3115 protudi
356 3080 429 3102 non
454 3079 573 3115 posse.
625 3067 704 3102 Has
730 3080 865 3116 nempe
891 3068 931 3103 in
958 3069 1129 3104 omnibus
1155 3066 1323 3103 maribus
1344 3076 1432 3111 quos
1449 3062 1631 3107 dissecui,
1672 3069 1754 3097 tum
1776 3064 1905 3100 vesica
1924 3064 2117 3100 instructis

273 3193 304 3228 ι)
345 3190 525 3221 Comment.
551 3190 589 3218 de
614 3188 809 3227 vegetativis
842 3195 873 3217 et
896 3188 1044 3217 animatis
1066 3186 1269 3230 Corporibps
1293 3192 1353 3215 etc.
1384 3194 1415 3222 p.
1432 3192 1483 3234 49.

273 3262 304 3298 2)
348 3260 520 3290 Emozool.
556 3258 676 3289 v01.1.
715 3269 745 3296 p.
763 3267 835 3295 3¹1.
876 3273 917 3278 --
1048 3260 1080 3295 a)
1123 3257 1215 3286 2001.
1236 3255 1323 3284 Dan.
1350 3252 1428 3284 vol.
1449 3252 1489 3281 11.
1515 3262 1546 3292 p.
1563 3261 1614 3292 39.
1640 3269 1690 3276 -
1818 3252 1849 3287 4)
1873 3240 1915 3281 ll.
1938 3260 1967 3282 c.
1999 3260 2028 3288 p.
2045 3259 2115 3289 312.

272 3333 304 3367 ς)
345 3328 478 3360 Goeze
509 3327 665 3369 (Naturg.
692 3329 716 3358 l.
734 3330 785 3365 c.)
816 3334 992 3366 aperturam
1015 3328 1097 3356 hanc
1119 3329 1180 3364 jam
1204 3323 1390 3354 observavit
1406 3341 1414 3356 ,
1460 3321 1513 3350 sed
1540 3331 1634 3350 anum
1656 3320 1785 3360 putavit.
1876 3342 1884 3355 ,

272 3403 303 3437 6)
347 3391 489 3444 ᾼΠὲεὶῐι.
515 3399 751 3439 Encyclopaed.
775 3398 830 3427 der
853 3396 1116 3426 wissenschaften
1146 3395 1203 3427 Bd.
1225 3403 1252 3425 1.
1284 3391 1427 3422 Abtheil.
1450 3400 1479 3423 1.
1504 3402 1536 3431 p.
1553 3401 1622 3431 241.

272 3472 306 3509 Ἰ)
349 3468 524 3499 Entozool.
554 3468 631 3498 Vol.
650 3468 675 3500 Ι.
710 3478 729 3507 p
758 3476 831 3507 292.
889 3466 971 3499 Tab.
990 3465 1047 3496 IV.
1076 3466 1178 3506 fig.4.
1212 3475 1238 3494 c.
1262 3464 1284 3492 f.
