2520 4031
579 379 985 426 Rudolph=i3Ent0200L
1008 387 1040 417 p.
1055 386 1128 416 314.
1150 386 1198 407 nr.
1208 376 1258 416 56.
1303 376 1485 418 Schrrank
1507 375 1701 407 Verzeichn.,
1721 383 1814 415 P.25.
1837 387 1884 408 nr,
1899 384 1947 418 85·
1961 399 1970 414 ‚
2003 378 2130 410 Naum-f,
2154 378 2195 409 St.
2213 385 2260 414 ¹3·

577 452 608 480 p.
621 447 671 479 83.
687 440 809 474 Tab.*3.
831 436 933 478 fig.D.
950 436 994 467 H.
1039 434 1205 465 Gmelin
1226 432 1308 472 Syst.
1332 431 1404 461 Nat.
1420 442 1454 470 p.
1463 439 1554 470 3049.
1573 440 1685 470 nr.41.
1701 449 1742 454 -
1785 431 1858 462 Ech.
1875 435 2017 466 Brumae.
2041 434 2127 465 [iud
2139 435 2261 473 olphi

579 495 752 525 Entozool.
783 504 812 532 p.
829 501 901 531 317.
940 502 987 520 nr.
1001 498 1051 530 59.
1109 488 1137 519 G
1153 498 1171 518 ο
1189 500 1205 517 e
1223 500 1237 517 z
1257 499 1274 517 e
1306 486 1438 528 Naturg.
1468 498 1499 525 p.
1518 487 1585 522 163.
1639 489 1662 516 Z
1680 500 1696 517 e
1712 489 1731 518 d
1748 499 1764 517 e
1780 498 1795 516 r
1819 487 1950 530 Naturg,
1980 502 2012 530 p·
2035 492 2104 528 163.
2142 502 2190 523 m..
2209 500 2260 530 47.

578 551 744 583 Gmelin
766 550 852 589 Syst.
877 548 948 579 Nat.
970 558 1000 586 p.
1015 554 1106 586 3050.
1131 555 1178 576 nr.
1195 545 1245 582 46.
1271 559 1314 566 —
1370 542 1444 572 Ech.
1469 541 1586 575 lothari,
1611 543 1827 581 Rudolphi
1849 543 1985 584 Synops,
2016 558 2046 586 p,
2067 554 2118 583 81-
2141 557 2189 577 nr,
2206 557 2260 586 97,

580 608 750 638 Entozool.
779 615 811 642 p.
833 605 903 643 316.
939 613 988 634 nr.
1008 605 1056 642 58.
1110 600 1139 631 G
1154 611 1184 630 m
1201 613 1216 630 e
1231 601 1316 630 lin
1350 600 1434 641 Syst.
1461 599 1537 632 Nat.
1568 610 1601 638 p.
1618 608 1708 640 3050.
1749 611 1799 632 nr,
1816 608 1866 640 45,
1890 617 1939 623 -
1997 602 2072 632 Ech.
2104 601 2259 632 candidus.

579 664 742 694 Miiller
765 659 857 689 Zool.
880 658 964 689 Dan.
990 657 1067 687 Vol.
1086 666 1111 687 ι.
1135 667 1167 695 p.
1184 662 1236 695 48.

415 750 599 783 Characr.
643 744 810 775 Proboscis
831 739 907 772 inox
932 742 1126 783 cylindrica,
1167 751 1245 771 mox
1268 740 1444 772 subclavata
1465 742 1541 772 visa,
1586 739 1717 770 Collum
1740 739 1872 779 longum
1895 739 2046 770 filiforme
2068 742 2260 773 obconicum

578 802 679 831 antica
708 802 742 829 in
771 807 860 837 parte
881 798 973 827 bulla
995 797 1045 827 vel
1070 797 1175 827 solum
1196 797 1404 826 tumescentia
1426 797 1641 826 terminatum.
1686 794 1813 834 Corpus
1837 803 1919 825 teres
1941 795 2118 837 oblongum
2139 801 2260 836 postjce

576 863 772 886 attenuatum
793 856 845 884 vel
869 853 1038 883 obovatum
1061 860 1091 881 et
1112 853 1275 882 obtusum.

413 939 509 971 Hab.
559 934 598 964 In
643 930 803 964 intestinis
841 931 1106 969 Acipenseris
1151 929 1339 959 Husonis
1383 938 1413 959 et
1457 929 1692 964 sturionis,
1753 928 1973 958 Muraenae
2027 930 2260 971 Anguillae

575 990 752 1021 Blennii
780 987 987 1023 vivipari,
1032 984 1145 1014 Cotti
1175 983 1356 1021 ScorpH,
1403 983 1550 1021 Gobii·,
1593 984 1740 1014 Percae
1769 993 1960 1019 cernuae,
2005 985 2261 1022 fluviatilis,

575 1046 827 1078 Solu-aester,
872 1041 1173 1077 [sumopere-ae,
1219 1039 1352 1068 siluri
1383 1038 1600 1074 Glanidis,
1646 1038 1942 1083 Heni-enectis
1973 1039 2112 1077 Flesi,
2159 1040 2292 1071 Gadi·

573 1101 721 1135 Lotae,
752 1097 982 1136 Merlangi,
1017 1094 1245 1130 callariae,
1277 1094 1456 1134 Cyprini
1481 1093 1619 1128 Barbi,
1650 1094 1834 1128 Brumae,
1867 1093 2073 1132 Dobulae,
2111 1098 2263 1133 Jesses,

574 1156 658 1194 Idi,
689 1154 846 1187 Idbari,
877 1151 1091 1182 Gobionis
1117 1149 1311 1186 Phoxini‚
1338 1148 1743 1185 rutili3‘Salmonis
1769 1148 1995 1186 Farionis,
2027 1152 2260 1189 Salvelini‚

574 1209 790 1251 Thymalli
825 1214 855 1237 et
886 1208 1075 1242 Truttae‚
1119 1204 1298 1241 Salaris,
1344 1203 1554 1240 Lavareti‚
1599 1203 1834 1238 Huchonis‚
1885 1204 2030 1238 Esocis
2070 1207 2196 1239 Lucii
2229 1216 2261 1239 et

582 1268 623 1297 in
651 1266 900 1304 peritonaeo
931 1262 1048 1292 Cotti
1077 1260 1254 1299 Scorpii.

1051 1340 1153 1379 'rab⁴
1181 1339 1210 1377 Ι.
1279 1339 1361 1388 fig.
1391 1349 1449 1377 11.
1480 1349 1539 1378 12.

475 1433 712 1481 Descript.
770 1427 1107 1477 Echinorhynchos
1147 1427 1241 1469 hos,
1293 1425 1331 1460 in
1368 1424 1524 1472 Synops‚
1558 1424 1611 1462 ill,
1647 1424 1878 1473 Rudolphi
1919 1434 2075 1474 quatuor
2115 1421 2260 1477 species

327 1502 529 1546 facientes,
582 1498 691 1538 Ech,
719 1494 1067 1537 teretieollem,
1121 1490 1415 1532 nodulosum‚
1468 1495 1656 1522 ovatum
1695 1496 1731 1523 et
1758 1489 2066 1537 sphaericum
2100 1493 2260 1539 scilicet,

326 1568 404 1614 jam
431 1577 521 1601 vero
555 1576 576 1599 a
602 1564 847 1598 Bremsero
880 1559 917 1594 in
944 1556 1079 1592 Notitia
1107 1553 1344 1591 collectionis
1379 1553 1621 1598 conjunctos,
1673 1551 1770 1586 illius
1806 1552 1898 1588 duee
1935 1564 2085 1605 egomet
2118 1570 2260 1604 quoque

329 1629 524 1677 conjunxi,
578 1638 666 1663 cum
699 1622 963 1671 speciminibus
1001 1633 1045 1656 ex
1080 1618 1249 1654 omnibus
1286 1617 1366 1651 fere
1401 1616 1562 1662 piscibus
1598 1616 1829 1651 enumeratis
1864 1617 1960 1653 mihi
1996 1620 2111 1655 obviis
2145 1634 2260 1668 quam

328 1693 589 1731 acuratissime
617 1688 791 1737 inspectis
818 1686 1029 1722 invenirem
1056 1684 1094 1718 in
1120 1683 1217 1718 nullo
1244 1681 1349 1730 signo
1378 1679 1468 1715 adeo
1497 1678 1668 1723 differre,
1719 1687 1760 1714 ut
1785 1681 1928 1727 species
1957 1681 2124 1719 diversas
2153 1684 2260 1721 effor-

327 1765 490 1797 marent,
543 1756 599 1793 Ill,
626 1751 855 1798 Rudolphi
881 1749 1031 1797 quidem
1059 1748 1232 1795 (Synops.
1259 1745 1418 1798 μέμνῃ)
1446 1743 1514 1778 sibi
1539 1754 1738 1790 persuasus
1766 1751 1842 1789 est,
1871 1745 1903 1780 si
1931 1753 2087 1793 utraque
2115 1749 2259 1795 species

325 1821 541 1859 tereticollis
575 1826 611 1854 et
641 1815 835 1853 'nodulosus
870 1815 948 1850 scil.
975 1813 1014 1848 in
1049 1810 1187 1847 eodem'
1214 1808 1387 1845 intestino
1414 1815 1638 1853 occureret,
1691 1809 1850 1844 alteram
1877 1821 1898 1844 a
1924 1810 2036 1857 piscis
2065 1823 2130 1846 esu
2167 1813 2259 1849 resi-

325 1888 436 1936 duam
467 1892 503 1920 et
529 1882 772 1931 parasiticam
801 1892 880 1915 esse
906 1891 1032 1926 posse,
1085 1883 1121 1911 et
1155 1873 1249 1921 quod
1281 1874 1351 1909 hoc
1387 1879 1609 1921 argumento
1643 1871 1864 1908 discrimina
1892 1873 1990 1909 haud
2016 1876 2253 1924 tollerentur,

325 1951 390 1987 sed
418 1961 506 1985 cum
535 1949 582 1986 cl.
609 1944 852 1982 Bremseri
881 1944 946 1979 sub
980 1942 1095 1977 oculis
1130 1941 1227 1974 ultra
1262 1937 1364 1972 mille
1401 1943 1707 1971 enumeratorum
1740 1937 1900 1983 piscium
1928 1945 2013 1973 sunt
2041 1938 2192 1976 dissecti
2216 1943 2256 1986 ἐξ)

325 2025 526 2060 omnesque
554 2008 864 2058 Echinorhynchi
901 2005 1041 2054 reperti
1083 2003 1243 2040 eundem
1279 2002 1541 2039 characterem
1582 1999 1821 2047 adtulerunt,
1876 2001 1976 2037 hunc
2019 2002 2060 2038 in
2101 2003 2174 2040 hac
2213 2018 2256 2041 re

324 2078 509 2126 judicium
535 2074 673 2111 habere
701 2074 781 2120 quis
809 2071 948 2120 negat?
975 2090 1025 2097 —--

476 2141 597 2187 Quum
631 2151 721 2174 vero
753 2143 925 2184 respectu
957 2133 1182 2182 proboscidis
1214 2132 1298 2169 colli
1324 2138 1361 2167 et
1387 2130 1550 2178 corporis
1577 2129 1614 2165 in
1641 2130 1908 2178 speciminibus
1936 2145 1982 2168 ex
2009 2146 2080 2168 uno
2108 2134 2256 2171 eodem-

325 2221 394 2257 que
421 2205 596 2243 intestino
617 2203 724 2240 lectis
751 2201 845 2237 adsit
871 2199 1087 2242 diversitas,
1124 2196 1461 2244 Eehinorhynchos
1488 2194 1529 2230 ob
1559 2195 1697 2230 collum
1722 2196 1986 2245 longissimum
2012 2196 2112 2233 inter
2138 2200 2254 2250 longi-

327 2273 438 2309 colles
470 2270 557 2305 olim
586 2272 845 2311 enumeratos,
881 2264 980 2299 inter
1006 2263 1097 2298 collo
1125 2273 1349 2308 corporeque
1377 2259 1574 2295 mutabiles
1602 2259 1735 2304 retuli,
1771 2266 1807 2295 et
1833 2258 1931 2295 haud
1959 2260 2068 2296 credo
2095 2274 2253 2314 magnos

326 2338 365 2372 in
392 2346 539 2371 errores
566 2331 758 2369 incidisse.
1357 2362 1360 2368 ι

478 2396 552 2434 Sed
586 2396 683 2432 hanc
723 2394 768 2430 ad
803 2406 886 2429 rem
921 2391 1276 2435 demonstrandam,
1330 2402 1428 2426 nunc
1469 2390 1619 2425 illorum
1653 2388 1943 2437 descriptionem
1978 2389 2156 2427 exhibebo
2191 2372 2257 2439 qui¹

326 2464 442 2514 signis
475 2460 645 2497 omnibus
677 2458 868 2506 speciebus
894 2456 1156 2504 Rudolphianis
1190 2453 1427 2502 respondent,
1483 2453 1545 2490 Sic
1579 2466 1624 2489 ex
1651 2451 1756 2489 Gado
1783 2453 1879 2489 Lota
1912 2454 2120 2501 specimina
2153 2456 2250 2492 mihi

326 2528 431 2564 obvia
441 2519 470 2571 ,i
503 2538 567 2560 sex
595 2522 639 2559 ad
667 2530 747 2560 octo
773 2522 891 2557 lineas
916 2521 1046 2569 longa,
1099 2532 1255 2567 quorum
1290 2518 1475 2566 proboscis
1510 2511 1607 2553 mox¹
1630 2516 1838 2566 cylindrica
1871 2518 2096 2554 uncinorum
2130 2519 2274 2559 minu-⁷

325 2580 449 2627 torum
475 2602 589 2636 usque
616 2587 763 2637 viginti,
790 2598 877 2621 mox
901 2584 1114 2620 subclavata
1141 2583 1365 2620 uncinorum
1391 2582 1556 2618 seriebus
1583 2581 1749 2618 sedecim
1776 2580 1823 2617 ad
1846 2582 1980 2632 viginti
2007 2590 2062 2618 est
2089 2592 2251 2623 armata.

326 2651 716 2700 Collum‘proboscide
750 2650 941 2694 crassius,
991 2648 1195 2692 filiforme,
1246 2636 1453 2697 rugosum,
1505 2646 1543 2682 in
1576 2645 1747 2694 plurimis
1781 2646 1885 2694 apice
1918 2647 1957 2682 in
1991 2647 2248 2684 machinulam

327 2717 563 2755 rotundatam
592 2722 647 2751 est
673 2714 931 2756 emendatum,
977 2725 1069 2759 quae
1096 2711 1235 2748 duabus
1260 2725 1303 2747 ex
1328 2710 1559 2746 membranis
1582 2710 1821 2759 glaberrimis
1843 2709 2028 2757 formata,
2072 2691 2248 2759 cujusque

328 2782 494 2830 mediam
516 2787 664 2828 partem
686 2778 822 2828 vagina
849 2775 1072 2825 proboscidis
1098 2775 1136 2811 in
1163 2775 1315 2811 ductum
1342 2775 1531 2810 minutum
1557 2781 1700 2812 mutata
1727 2775 1837 2823 petit3
1863 2775 1903 2811 in
1930 2775 2011 2812 aliis
2038 2788 2125 2811 vero
2152 2776 2250 2813 bulla

327 2847 518 2889 orbatum,
553 2843 676 2880 antica
701 2850 737 2878 et
759 2841 965 2890 proboscidi
987 2840 1156 2888 proxima
1178 2853 1284 2888 pars,
1318 2839 1512 2888 posteriori
1537 2845 1573 2874 et
1594 2839 1740 2887 corpori
1765 2839 1936 2888 proxima
1960 2845 2062 2886 parte
2086 2841 2246 2887 tenuior,

326 2919 367 2947 ut
392 2911 443 2945 ita
470 2910 605 2945 collum
639 2907 677 2943 in
710 2906 767 2942 his
801 2905 939 2942 duabus
975 2905 1079 2954 quasi
1114 2918 1158 2941 ex
1190 2904 1354 2953 partibus
1387 2911 1557 2940 constare
1591 2903 1753 2945 videtur,
1816 2901 1956 2950 Corpus
1990 2910 2090 2939 teres
2125 2906 2247 2941 antice

338 3014 909 3029 ....-..-..—--——-—-

409 3090 438 3127 *)
480 3087 529 3118 Sic
557 3100 586 3118 v.
614 3099 641 3118 c.
673 3090 707 3117 in
737 3088 756 3118 6
782 3084 1028 3124 Acipenseribus
1061 3083 1251 3114 Husonibus
1281 3094 1353 3114 vere
1382 3085 1508 3122 semel‘,
1551 3085 1585 3114 in
1622 3090 1683 3123 482
1712 3081 1810 3113 Gad1s
1839 3080 1930 3111 Lotis
1965 3091 2029 3110 una
2064 3091 2134 3110 cum
2167 3083 2246 3114 Echi

491 3150 654 3183 angustato
688 3154 760 3172 vere
785 3136 860 3181 39‚'
887 3148 997 3170 aestate
1021 3149 1078 3179 23,
1122 3148 1275 3169 autumno
1299 3149 1355 3176 10,
1401 3140 1516 3178 hyeme
1546 3147 1626 3179 1293
1677 3139 1712 3166 in
1753 3145 1810 3175 170
1839 3137 1939 3166 Cottis
1965 3135 2077 3167 Gobiis
2110 3148 2182 3166 vere
2206 3148 2245 3173 2,

491 3206 567 3228 aest.
589 3208 621 3234 1,
645 3206 708 3229 aut.
726 3205 763 3232 ‘23
808 3199 841 3226 in
860 3206 895 3235 7¹
916 3196 1018 3225 Percis
1048 3197 1174 3225 cernuis
1199 3205 1311 3233 ver.4‚
1346 3196 1454 3236 hyem.
1477 3197 1543 3232 bis;
1587 3196 1621 3223 in
1636 3193 1695 3230 363
1714 3192 1746 3224 Ρ.
1772 3191 1980 3230 Luciopercis
1999 3203 2065 3222 ver.
2088 3202 2120 3228 1,
2143 3192 2246 3233 hy.4;

491 3254 530 3292 63
553 3253 655 3283 Pei-cis
680 3253 856 3283 Schraester
876 3263 941 3282 ver.
959 3260 992 3287 1,
1029 3259 1090 3282 aut.
1113 3260 1146 3287 Γ,
1190 3253 1224 3279 in
1247 3252 1286 3289 46
1309 3250 1508 3281 Salmonibus
1533 3247 1743 3279 Huchon'ibus
1766 3256 1829 3277 aut.
1848 3256 1883 3285 1·,
1927 3249 1960 3276 in
1990 3255 2047 3286 795
2070 3247 2243 3279 Salmonib.

491 3308 662 3339 Salvelinis
688 3319 755 3364 per.
775 3317 810 3343 ι,
847 3315 908 3336 aut.
927 3307 964 3342 6·,
1005 3307 1042 3341 ,in
1069 3313 1107 3345 45
1132 3305 1161 3335 S.
1185 3306 1369 3346 Thyinallis
1391 3316 1455 3335 ver.
1474 3314 1510 3340 2,
1547 3305 1652 3344 hyem.
1670 3311 1711 3342 73
1754 3304 1789 3332 in
1818 3312 1852 3334 11
1879 3303 1908 3333 S.
1934 3303 2058 3332 Truttis
2082 3303 2189 3344 hyem.
2209 3313 2243 3343 13

489 3365 526 3392 in
556 3369 594 3402 48
618 3364 716 3404 Cypr.
748 3363 855 3392 Barbis
886 3370 960 3392 aest.
981 3369 1016 3400 5,
1059 3360 1164 3400 hyem.
1181 3369 1219 3399 9;
1262 3362 1297 3389 in
1319 3366 1377 3400 348
1398 3359 1437 3392 C.
1462 3360 1665 3391 Gobionibus
1688 3367 1761 3388 aest.
1785 3366 1816 3388 et
1839 3367 1899 3388 aui.
1922 3368 1958 3394 ι’,
2002 3360 2035 3387 in
2060 3368 2097 3396 13
2115 3358 2154 3390 C.
2180 3360 2244 3390 Idis

490 3418 596 3458 hyem.
616 3426 650 3454 ις
692 3419 750 3457 635
774 3417 814 3450 C.
840 3418 994 3447 Phoxinis
1024 3423 1101 3446 aest.
1122 3425 1178 3451 ιο,
1220 3423 1284 3447 aut.
1305 3425 1360 3455 19,
1396 3415 1557 3456 hye111.2;
1606 3425 1667 3454 204
1688 3414 1787 3454 Cypr.
1819 3414 1924 3444 rutilis
1955 3421 2029 3443 aest.
2048 3422 2084 3450 2,
2131 3422 2193 3446 aut.
2211 3421 2240 3451 7,

490 3474 596 3514 hyem.
616 3479 651 3510 8,
680 3481 752 3503 sunt
771 3475 903 3512 reperti,
932 3482 966 3501 ac
985 3479 1124 3502 recentes
1150 3482 1259 3502 omnes
1284 3481 1301 3499 a
1328 3471 1369 3500 cl.
1394 3472 1532 3503 Brems
1545 3482 1613 3502 ero
1642 3471 1856 3500 acutatissime
1879 3470 2023 3508 inspecti.
