2520 4031
368 389 523 425 Praeter
566 390 635 427 has
675 392 818 427 formas
852 390 1021 428 diversas
1065 392 1152 428 illae
1186 404 1296 440 porro
1330 392 1523 440 imprimis
1558 393 1725 443 insignes
1767 413 1811 438 ac
1848 409 1975 439 notatu
2012 403 2165 454 dignas,

216 465 308 501 quae
337 453 769 504 Echinorhynchus
796 455 993 492 Proteus
1027 457 1126 493 mihi
1153 456 1273 492 dictus
1302 464 1339 492 et
1365 457 1808 506 Echinorhynchus
1834 479 1915 512 poi
1926 467 2091 518 rigens
2119 469 2165 510 R.

216 518 318 554 nobis
345 526 570 560 monstiant
622 520 724 556 Illius
751 520 856 556 enim
884 522 1022 557 collum
1049 521 1150 556 bulla
1176 520 1426 558 terminatum
1453 529 1530 567 est,
1565 523 1671 569 cujus
1698 530 1888 565 structura
1914 531 2035 569 bullae
2052 533 2166 570 Echi-

217 582 429 630 norhynchi
454 584 691 633 polyinorphi
717 584 824 620 valde
852 585 1008 629 similis,
1035 585 1074 620 in
1102 584 1173 620 hoc
1203 592 1329 620 autem
1358 585 1402 621 ab
1431 586 1502 622 hac
1531 586 1709 635 deflectit,
1738 596 1779 625 ut
1805 591 1962 638 papillae
1989 596 2166 641 deficiant

215 654 252 681 et
282 646 470 693 proboscis
500 649 621 686 adhuc
654 650 765 699 longa
798 650 969 685 aculeata
1010 648 1121 691 adsit,

366 712 406 747 Si
434 713 535 748 enim
564 713 704 749 bullam
732 713 831 748 hanc
858 712 1101 760 sphaericam
1126 713 1166 748 in
1194 713 1300 760 cujus
1323 714 1404 749 1000
1427 714 1648 762 saepissime
1669 717 1748 753 sola
1768 722 2022 758 tumescentia
2045 726 2167 764 obser-

211 783 343 821 vatur,
371 790 439 824 per
465 776 935 826 mediamclongitudinem
962 790 1084 822 seces,
1117 778 1223 813 illam
1245 777 1387 814 duabus
1415 791 1460 814 ex
1488 779 1721 816 membranis
1750 781 1956 821 formatam
1984 786 2167 837 invenies,

211 852 371 886 quarum
401 848 555 876 externa
583 841 836 890 glaberrima,
871 841 1022 878 interna
1048 855 1140 878 vero
1167 843 1364 879 vasculosa
1390 850 1509 880 totam
1538 844 1746 880 cavitatem
1774 847 1855 883 fere
1884 850 2026 899 explet,
2064 855 2168 902 vagi-

212 917 374 952 nimque
400 904 629 952 proboscidis
656 905 695 941 in
723 904 880 942 ductum
907 906 1100 943 minutum
1128 914 1318 943 mutatam
1346 907 1545 952 observes,
1592 908 1638 944 de
1671 909 1742 945 filis
1771 919 1900 948 autem
1927 914 1999 951 illis
2027 915 2169 954 duobus

211 981 305 1016 quae
332 969 503 1006 Miiller
525 971 559 1016 1)
594 977 631 1005 et
657 969 815 1007 Goeze
839 972 874 1017 2)
908 970 947 1006 in
980 970 1043 1007 illa
1073 971 1209 1008 vidisse
1239 971 1460 1017 affirmant,
1513 986 1608 1020 quae
1645 981 1686 1009 ut
1712 976 1935 1013 retractioni
1962 980 2170 1018 inseiviant

210 1032 426 1079 adducunt,
481 1034 601 1070 ullum
635 1034 842 1085 vestigium
876 1035 1045 1082 reperies
1064 1063 1074 1080 ,
1128 1036 1180 1072 ita
1206 1043 1248 1072 ut
1272 1049 1498 1085 persuasum
1531 1038 1630 1073 mihi
1664 1039 1735 1085 sit,
1790 1040 1891 1079 viros
1919 1042 1986 1080 hos
2013 1044 2169 1084 ductum

208 1097 333 1144 ipsum
359 1098 422 1134 vel
446 1111 575 1135 ramos
602 1111 782 1136 vasorum
808 1112 874 1148 pro
900 1099 972 1136 filis
999 1100 1180 1148 posuisse
1975 1143 1978 1146 Δ
2134 1154 2136 1161 y

360 1159 510 1199 Collum
537 1176 628 1200 vero
655 1163 973 1212 Echinorhynchi
998 1163 1226 1214 porrigentis
1259 1165 1358 1200 ultra
1389 1165 1567 1211 pollicem
1601 1167 1759 1217 longum
1794 1176 1830 1205 et
1857 1170 2036 1209 filiforme
2065 1176 2170 1223 apice

206 1228 446 1274 receptaculo
472 1228 804 1264 infundibilisormi
840 1227 992 1273 conico,
1047 1228 1171 1269 antice
1209 1229 1342 1275 plano,
1393 1229 1522 1266 media
1547 1230 1586 1265 in
1612 1238 1719 1277 parte
1748 1234 1958 1280 capitulum
1985 1222 2171 1288 magnum

207 1290 431 1337 exhibente,
476 1293 651 1343 margine
680 1292 806 1328 obtuso
834 1292 998 1338 duasque
1025 1291 1144 1326 lineas
1171 1291 1358 1344 diametro
1387 1301 1587 1340 superante
1616 1295 1870 1344 instructum,
1919 1302 2024 1348 cujus
2052 1310 2172 1341 strue-

205 1361 292 1390 tura
330 1355 481 1393 interna
520 1364 561 1393 ut
605 1364 642 1395 et
682 1357 793 1392 totius
829 1355 996 1403 corporis
1035 1354 1079 1391 ab
1115 1354 1269 1402 reliquis
1310 1341 1647 1406 Echinorhynchis
1680 1359 1806 1397 differt
1848 1370 1884 1399 et
1920 1372 2048 1402 notatu
2091 1367 2171 1419 ‹lig-

205 1418 366 1456 nissima
403 1428 472 1462 est
540 1420 839 1468 Receptaculum
874 1419 979 1455 enim
1013 1419 1222 1456 dissectum
1251 1421 1285 1466 3)
1326 1433 1372 1456 ex
1413 1421 1532 1458 tribus
1568 1431 1609 1458 ut
1644 1425 1743 1461 mihi
1778 1434 1834 1464 est
1860 1428 1987 1465 visum
2022 1440 2170 1472 constat

204 1482 463 1530 membranis,
497 1498 658 1532 quarum
687 1492 845 1521 externa
872 1483 1171 1532 epidermidem,
1206 1484 1372 1521 secunda
1397 1485 1509 1522 fibras
1538 1490 1775 1526 musculares
1804 1494 2027 1540 annulares,
2056 1498 2171 1534 tertia

204 1548 363 1596 denique
381 1548 483 1585 haud
498 1550 650 1600 integra
666 1550 779 1586 fibras
796 1550 1010 1585 vasculosas
1025 1549 1315 1599 longitudinales
1331 1549 1406 1586 tria
1423 1551 1528 1598 quasi
1544 1552 1758 1601 ligamenta
1773 1555 1984 1593 formantes
2003 1559 2170 1600 exhibet.

203 1612 330 1649 Media
358 1614 397 1649 in
423 1621 529 1661 parte
557 1614 675 1663 apicis
702 1614 804 1662 plani
826 1614 1093 1661 corpusculum
1113 1615 1220 1650 ovale
1244 1627 1360 1670 usque
1381 1614 1428 1651 ad
1451 1615 1621 1653 mediam
1643 1614 1919 1668 longitudinem
1935 1626 2170 1671 receptaculi

203 1676 361 1714 tendens
397 1685 434 1713 et
460 1680 642 1729 analogon
674 1679 835 1729 vaginae
861 1677 1092 1726 proboscidis
1120 1679 1293 1724 obvium,
1346 1678 1441 1726 quod
1468 1692 1557 1716 cum
1586 1683 1748 1730 capitulo
1784 1684 1823 1721 in
1857 1688 2056 1734 superficie
2087 1703 2169 1737 pro-

203 1742 396 1789 minente,
450 1743 513 1779 cui
545 1743 736 1791 proboscis
771 1743 1006 1789 continetur,
1061 1744 1335 1784 communicat,
1399 1745 1482 1780 Hoc
1515 1745 1559 1781 ab
1588 1749 1809 1795 corpusculo
1839 1750 1915 1786 abit
1945 1759 2102 1801 utroque
2129 1755 2167 1792 in

202 1809 323 1844 latere
358 1820 491 1855 corpus
518 1809 672 1855 planum
698 1809 779 1855 plus
807 1801 982 1844 minusve
1010 1809 1273 1853 convolutum,
1318 1821 1414 1855 quae
1447 1809 1576 1845 forsan
1608 1811 1786 1850 lemnisci
1821 1815 2055 1863 reliquorum
2082 1827 2168 1856 sunt

205 1872 249 1908 ab
278 1873 336 1907 his
364 1885 453 1906 vero
480 1872 520 1907 in
548 1884 591 1907 eo
627 1871 859 1917 deflectunt,
914 1879 955 1908 ut
988 1871 1089 1908 basis
1123 1885 1256 1907 eorum
1290 1872 1408 1908 libeie
1441 1875 1664 1921 plerumque
1699 1877 1739 1913 in
1774 1890 1840 1914 coi
1840 1892 1941 1926 pons
1976 1894 2068 1919 cavo
2102 1884 2168 1920 flu-

202 1943 264 1972 ctu
269 1948 356 1980 ms,
404 1937 465 1971 vel
492 1937 615 1972 solum
642 1937 843 1986 ligamenti
869 1937 978 1984 parvi
1005 1950 1072 1985 ope
1100 1936 1178 1972 cuti
1205 1936 1378 1972 internae
1406 1937 1547 1983 adfixa,
1591 1938 1756 1979 firmiter
1784 1943 1907 1980 adhuc
1935 1945 1974 1981 in
2000 1946 2166 1985 infundi-

203 2000 290 2035 bulo
324 2000 403 2048 ipso
438 2000 517 2036 cuti
552 2001 728 2037 inhaeret
773 2008 809 2037 et
852 2002 887 2037 ei
931 2002 1038 2049 quasi
1077 2001 1286 2037 intertexta
1323 2001 1385 2041 sit
1461 2004 1586 2050 (Num
1620 2017 1710 2041 vero
1756 2007 1952 2045 lemniscis
1986 2024 2029 2046 re
2072 2025 2165 2053 vera

201 2064 343 2101 similia
372 2073 479 2111 sunt,
534 2063 662 2102 dicere
696 2079 769 2103 non
804 2054 945 2111 audeo,
999 2078 1089 2103 cum
1115 2065 1170 2106 ill
1199 2065 1436 2114 Rudolphi
1474 2066 1556 2104 illas
1591 2068 1692 2105 haud
1725 2070 1945 2109 observasse
1982 2074 2165 2122 affirmat,

204 2136 242 2164 et
275 2142 343 2179 ego
379 2130 418 2165 in
451 2129 524 2165 illis
559 2130 809 2178 microscopio
843 2130 1023 2178 subjectis
1059 2129 1154 2166 nihil
1189 2129 1235 2166 de
1271 2130 1549 2168 ramificatione
1584 2146 1765 2171 vasorum
1808 2135 1987 2187 detegere
2022 2143 2164 2189 potui).

201 2193 359 2229 Praeter
385 2194 481 2231 haec
510 2197 733 2244 corpuscula
761 2203 797 2231 et
824 2195 895 2231 duo
927 2195 1034 2243 paria
1067 2195 1331 2231 musculorum
1364 2198 1681 2245 retractantium,
1735 2200 1810 2236 tria
1845 2211 2051 2249 quatuorve
2086 2220 2167 2244 cor-

201 2271 290 2305 pora
318 2259 447 2294 multis
476 2272 522 2294 ex
549 2259 706 2309 globulis
734 2260 943 2296 constantia
971 2266 1007 2296 et
1032 2259 1134 2295 inter
1159 2260 1352 2295 musculos
1388 2267 1426 2296 et
1462 2274 1618 2309 corpora
1650 2264 1725 2300 lata
1758 2266 1883 2303 locata
1919 2275 1956 2304 et
1988 2271 2092 2316 quasi
2126 2272 2166 2309 in

199 2323 455 2359 loculamenta
481 2323 628 2360 inclusa
654 2324 782 2370 obvia,
836 2337 930 2372 quae
964 2323 1113 2360 racemi
1146 2323 1360 2373 imaginem
1393 2325 1586 2372 referunt,
1642 2341 1732 2364 cum
1759 2332 2011 2380 unusquisque
2040 2336 2166 2384 globu-

201 2388 326 2424 lorum
353 2387 562 2423 baccarum
591 2388 638 2424 ad
664 2389 786 2425 instar
817 2389 954 2437 petiolo
988 2388 1219 2424 instructum
1258 2400 1348 2424 cum
1388 2401 1475 2425 vase
1512 2403 1652 2440 magno
1680 2393 1880 2441 cohaeret,
1936 2398 2031 2444 quod
2058 2399 2165 2437 basin

203 2452 320 2504 apicis
347 2452 449 2500 plani
482 2460 704 2500 pei-reptans
739 2454 778 2489 in
805 2454 967 2503 vaginae
1003 2465 1143 2489 cavum
1170 2452 1279 2488 hiare
1314 2452 1412 2488 mihi
1447 2453 1610 2496 videtur.
1677 2455 1910 2506 Corpuscula
1943 2474 2032 2498 vero
2068 2463 2164 2501 haec

202 2516 408 2566 globifera,
441 2529 534 2563 quae
564 2516 726 2554 dissecta
753 2525 932 2554 naturam
959 2516 1301 2552 membranaceam
1322 2528 1367 2552 ac
1395 2529 1618 2566 grumosam
1644 2533 1736 2568 prae
1763 2535 1803 2558 se
1831 2525 2025 2570 tulerunt,
2047 2541 2164 2575 usque

201 2580 241 2616 in
269 2580 354 2616 colli
382 2581 550 2617 anticam
577 2589 726 2629 partem
761 2582 946 2628 tendunt,
1001 2580 1065 2616 ubi
1097 2582 1159 2616 vel
1192 2580 1271 2617 cuti
1306 2580 1480 2619 internae
1513 2582 1722 2621 adhaerent
1755 2588 1816 2623 vel
1851 2588 1922 2626 filis
1956 2590 1997 2628 in
2029 2596 2163 2641 corpus

204 2645 425 2684 abeuntibus
453 2645 794 2688 anastomosant'ur.

354 2710 477 2757 Hujus
501 2723 642 2758 quoque
671 2713 810 2748 collum
836 2710 957 2759 quoad
983 2717 1218 2747 structuram
1245 2710 1439 2747 internam
1466 2724 1488 2748 a
1514 2713 1667 2761 reliquis
1695 2714 1834 2763 differt,
1862 2719 1901 2755 in
1930 2721 2161 2768 reliquorum.

203 2775 308 2811 0111111
341 2775 434 2811 00110
471 2787 515 2810 ac
550 2775 688 2811 iisdem
723 2775 959 2812 membranis
995 2775 1161 2823 corporis
1197 2774 1460 2825 integumenta
1493 2777 1721 2816 facientibus
1758 2783 1958 2834 constituto
1998 2795 2160 2833 resecto,

201 2840 384 2890 vaginam
403 2839 633 2889 proboscidis
657 2848 693 2876 et
715 2841 756 2877 in
778 2840 943 2888 corporis
967 2839 1141 2888 proxima
1164 2846 1272 2887 parte
1296 2840 1571 2877 lemniscorum
1599 2843 1724 2890 apices
1746 2845 1910 2883 inclusos
1933 2850 2161 2896 reperimus.

203 2917 297 2952 quae
326 2915 469 2954 organa
501 2906 629 2940 omnia
655 2912 738 2940 tum
773 2906 871 2941 telae
899 2905 1099 2941 cellulosae
1128 2903 1265 2940 auxilio
1301 2918 1415 2956 quam
1451 2912 1488 2941 et
1519 2907 1758 2956 propriorum
1792 2913 2055 2951 musculorum
2083 2917 2161 2954 cuti

208 2976 313 3006 arcte
351 2968 587 3015 adhaerent5
648 2971 787 3005 collum
818 2969 915 3009 Eeb..
944 2968 1171 3018 porrigentis
1204 2981 1295 3005 vero
1329 2977 1524 3006 resectum
1559 2972 1681 3008 solum
1722 2974 1795 3009 tria
1838 2976 2047 3025 ligamenta
2085 2982 2160 3017 lon-

205 3033 426 3083 gitudinalia
453 3040 558 3069 arcte
585 3034 834 3070 membranae
861 3033 1071 3080 subjacenti
1098 3033 1506 3070 mucoso-reticulosae
1535 3034 1733 3082 adjuncta,
1779 3037 1959 3087 filumque
1984 3045 2161 3090 parvissi-

206 3110 315 3133 mum
342 3105 378 3133 et
404 3098 673 3134 tenuissimum
701 3105 819 3133 totam
856 3098 1022 3145 corporis
1059 3097 1335 3147 longitudinem
1368 3098 1500 3147 legens
1534 3107 1571 3135 et
1596 3089 1831 3138 in'i‘naribus
1861 3116 1949 3140 cum
1977 3108 2160 3146 testiculis

205 3161 245 3197 in
272 3161 426 3199 feminis
453 3174 542 3198 cum
571 3162 710 3198 ovariis
739 3170 775 3198 et
801 3170 908 3198 utero
935 3161 1158 3207 cohaerens,
1209 3169 1245 3197 et
1269 3163 1308 3197 in
1342 3173 1494 3198 summa
1526 3164 1651 3200 antica
1674 3173 1781 3213 parte
1806 3167 1931 3214 apices
1958 3184 2159 3218 corporum

206 3226 474 3276 globuliferum
496 3228 600 3263 nobis
625 3227 748 3273 offert,
776 3226 821 3262 de
844 3227 982 3277 vagina
1004 3225 1232 3274 proboscidis
1248 3226 1287 3262 in
1307 3228 1547 3274 receptaculo
1570 3229 1692 3266 locata
1715 3230 2094 3283 n111111111·vestigii1m,
2109 3258 2159 3265 -—-

295 3372 324 3406 ι)
370 3369 526 3410 Zoologia
550 3369 671 3400 Danica
701 3369 776 3399 Vol.
794 3369 820 3402 I.
853 3381 884 3409 p.
902 3376 951 3410 89.
981 3372 1063 3404 Tab‚
1083 3370 1244 3402 XXXIX.
1275 3370 1332 3412 fig.
1355 3381 1381 3404 ι.
1405 3381 1435 3406 2.
1459 3379 1488 3407 3

293 3440 327 3476 2)
367 3438 393 3467 1.
415 3448 440 3467 c.
465 3440 586 3475 p.162
622 3439 705 3471 Tab.
724 3440 802 3471 XII.
840 3440 898 3481 sig.
913 3450 943 3480 4.
966 3451 991 3472 c
1017 3442 1047 3471 d.

293 3512 325 3547 3)
366 3506 509 3539 Tab.11.
536 3508 595 3549 fig
613 3515 664 3543 28.
943 3510 948 3516 '
