2520 4031
376 397 650 431 Bremserus
685 396 851 443 speciem
889 393 1010 437 hanc,
1060 396 1099 431 in
1127 395 1315 431 intestinis
1354 395 1506 431 Ranae
1543 400 1816 439 esculentae
1857 414 1947 439 vere
1983 407 2104 441 semel
2140 413 2178 443 et

217 461 489 510 quinquagies,
532 468 672 495 aestate
699 460 817 495 semel
845 465 881 493 et
908 460 1109 508 nonagies,
1152 467 1333 496 autumno
1361 466 1397 494 et
1424 459 1565 508 hyeme
1588 461 1711 497 sexies
1740 473 1775 498 et
1802 467 2048 518 quadragies,
2085 483 2176 505 mm-

215 538 338 574 squam
365 538 453 560 vero
481 524 633 561 offendit
657 525 700 560 in'
721 524 878 560 Ranae
906 524 1231 571 temporariae
1259 523 1468 567 intestinis,
1521 524 1560 559 in
1589 523 1718 573 quibus
1745 527 1851 563 illam
1879 533 1926 571 cl,
1946 520 2176 581 R11d01phj

212 589 520 638 :frequentiorem
553 588 733 626 occurere
761 587 941 629 affirmat.
997 590 1125 625 Semel
1153 601 1295 637 quoque
1323 601 1415 624 vere
1442 590 1481 625 in
1509 591 1720 627 ventriculo
1754 592 1948 630 Bufonis
1988 598 2176 634 cinerei

211 655 381 690 ,simulac
417 655 611 701 specimen
635 652 764 688 Ranae
800 654 1014 689 esculentae
1050 653 1149 688 semi
1176 652 1390 702 digestum,
1445 660 1482 688 et
1508 655 1628 689 semel
1656 661 1798 691 aestate
1825 656 1863 691 in
1893 657 2046 696 Bul‘onis
2073 654 2179 709 ignei

213 717 389 753 duodeno
417 718 591 766 reperiit,
627 730 697 765 qua
725 731 770 753 ex
797 732 858 764 rc,
901 718 961 753 vir
989 719 1114 753 clarus
1142 718 1181 753 in
1208 732 1320 766 opere
1349 718 1507 754 classico
1535 731 1599 754 suo
1628 718 1778 766 (Ueber
1804 720 1960 757 lebende
1987 722 2178 764 W'urmer

215 782 275 817 im
302 781 484 818 lebenden
508 781 798 817 menschlichen
822 781 982 829 Korper.
1016 781 1136 817 XVien
1157 788 1267 830 1819.
1296 796 1332 830 p.
1352 783 1441 827 21.)
1477 781 1647 818 affirmat
1674 784 1711 819 in
1739 784 1797 820 his
1825 786 1944 821 solum
1974 790 2175 834 parasitiee

218 859 430 892 occurere,
482 855 596 893 quam
628 856 713 880 rem
739 846 985 882 verissimam
1010 845 1095 881 >esse
1122 856 1321 893 persuasus
1350 846 1448 882 mihi
1479 859 1587 892 sum,
1641 860 1729 884 cum
1766 856 1803 884 et
1836 849 1990 888 Goeze
2025 854 2176 892 adducit

217 915 280 960 (p,
308 911 420 959 158.)
454 922 494 944 se
529 921 722 958 nunquam
758 910 797 945 in
832 910 961 945 multis
996 909 1169 954 dissectis
1205 910 1409 946 Bufonibus
1438 910 1807 960 Echinorhynchum
1844 914 2085 962 observasse,
2139 928 2175 955 et

216 973 459 1013 Bremseri
485 972 553 1008 sub
580 975 780 1022 auspiciis,
830 975 869 1011 in
892 975 964 1022 256
991 975 1150 1011 resectis
1175 977 1217 1016 Β,
1245 975 1381 1021 fuscis,
1442 987 1537 1025 1113
1566 978 1608 1017 Β.
1635 978 1781 1028 igneis,
1832 986 1907 1029 783
1930 982 1971 1022 Β.
1993 983 2174 1021 viridibus

217 1049 254 1078 et
280 1048 350 1086 125
376 1040 419 1078 B.
447 1038 611 1074 cinereis
639 1053 711 1076 non
743 1039 816 1075 nisi
851 1040 1062 1088 specimina
1095 1040 1159 1076 illa
1185 1039 1346 1077 adducta
1372 1049 1524 1090 reperta
1557 1051 1654 1080 sunt.
1813 1050 1816 1054 ’
2076 1059 2086 1064 “

605 1188 657 1269 6)
718 1209 1073 1259 Proboscide
1113 1211 1438 1268 cylindrica
1487 1227 1521 1257 s.
1560 1212 1789 1257 lineari.

899 1322 941 1367 a)
1001 1317 1207 1356 Collo
1270 1322 1486 1363 nullo.

214 1414 294 1470 34)
355 1407 771 1466 Echinorhynchus
806 1396 1027 1464 simplex,¹
1078 1404 1203 1461 Rud,

294 1504 446 1546 Synon.
491 1504 566 1534 Ech.
598 1502 738 1544 simplex.
768 1501 1000 1540 'Rudolphi
1030 1500 1171 1542 Synops,
1201 1513 1234 1542 p.
1245 1503 1298 1540 63.
1335 1515 1385 1536 nr.
1404 1511 1453 1535 20.
1485 1505 1658 1540 EntozooL
1689 1516 1720 1544 p.
1740 1515 1813 1547 270.
1848 1519 1898 1540 nr.
1917 1518 1966 1550 15.
1994 1530 2036 1536 -
2096 1515 2173 1546 Ech,

465 1560 592 1600 Triglae
624 1559 772 1590 Gunardi.
813 1558 981 1588 Rathke
1012 1560 1048 1588 in
1077 1559 1189 1590 Dansk
1220 1560 1326 1591 Selsk.
1350 1561 1475 1593 Skrivt.
1505 1563 1563 1594 Bd.
1579 1562 1620 1592 V.
1646 1562 1714 1593 Hft.
1734 1572 1761 1594 1.
1784 1574 1817 1602 p.
1835 1573 1886 1603 72.
1911 1566 1995 1597 Tab.
2014 1577 2046 1603 2.
2069 1570 2122 1612 fig,
2140 1579 2170 1612 5,

293 1638 476 1671 Chai-act.
526 1638 698 1668 Proboscis
735 1638 940 1678 cylindrica‚
998 1639 1190 1669 uncinorum
1226 1641 1431 1670 minutorum
1469 1641 1614 1671 seriebus
1653 1641 1795 1680 multis3
1855 1644 1981 1675 collum
2019 1648 2170 1689 nullu1n3

460 1704 576 1733 corpus
607 1702 691 1724 teres
725 1694 932 1735 subaequale.

233 1788 237 1792 ·
290 1774 389 1804 Hah.
433 1773 473 1802 In
503 1773 667 1803 intestinis
697 1772 877 1813 Triglae
908 1773 1138 1802 adriaticae
1173 1779 1205 1802 et
1235 1772 1436 1804 Gunardi.

356 1851 601 1898 Descript‚
655 1851 860 1898 Specimen
893 1851 1081 1899 quondam
1119 1863 1210 1887 vere
1245 1852 1285 1888 in
1320 1853 1508 1890 intestinis
1543 1854 1587 1893 T.
1617 1849 1823 1892 adriaticae
1858 1856 1902 1893 ab
1938 1859 2170 1899 Natterer

205 1918 245 1953 in
271 1916 381 1952 ltalia
407 1922 583 1951 versante
611 1922 827 1962 repertum,
858 1922 1016 1963 quatuor
1042 1916 1161 1952 lineas
1188 1917 1365 1965 longum,
1396 1925 1432 1953 et
1459 1926 1634 1967 quartam
1661 1921 1785 1957 lineae
1814 1929 1965 1969 partem
1993 1938 2168 1965 crassum

204 1982 294 2021 est(
327 1979 521 2016 Proboscis
548 1979 673 2014 brevis
702 1978 935 2028 cylindrica,
965 1981 1072 2028 apice
1100 1979 1318 2026 rotundata,
1348 1989 1386 2016 et
1411 1981 1492 2017 basi
1518 1996 1655 2030 parum
1683 1986 1910 2031 constricta,
1938 1990 2167 2028 uncinorurn

203 2047 441 2084 minutorum
474 2044 644 2080 seriebus
679 2035 835 2080 circiter
867 2044 1004 2094 viginti
1038 2045 1356 2080 transversalibus
1392 2045 1554 2086 munita.
1619 2044 1771 2084 Collum
1807 2050 1966 2091 nullum,
2023 2051 2168 2103 Corpus

202 2119 326 2155 teres,
370 2110 616 2158 subaequale,
662 2116 879 2145 antrorsum
903 2109 1026 2155 subito
1052 2108 1094 2144 fit
1121 2109 1427 2153 crassissimum,
1471 2116 1682 2146 retrorsum
1712 2124 1848 2159 parum
1877 2113 2086 2163 decrescit,
2122 2132 2167 2157 ao

204 2176 310 2224 apice
337 2174 488 2211 caudali
521 2174 648 2210 obtuso
682 2174 912 2210 instructum
940 2181 1009 2215 est.
1037 2191 1088 2202 —⁴

354 2239 559 2286 Spectmen
600 2240 639 2275 in
677 2239 806 2288 Trigla
845 2237 1019 2275 Gunardi
1062 2246 1256 2287 repertum
1301 2246 1411 2287 atque
1448 2238 1641 2286 depictum
1680 2253 1701 2277 a
1736 2241 1923 2280 Rathke
1957 2257 2024 2281 sex
2060 2248 2165 2287 circa

204 2306 324 2343 lineas
355 2305 533 2353 longum,
587 2303 743 2352 reliquis
777 2310 907 2339 autem
940 2303 981 2339 in
1014 2302 1109 2338 notis
1137 2302 1191 2338 illi
1225 2302 1323 2339 mihi
1348 2304 1429 2347 viso
1457 2302 1562 2340 omni
1587 2304 1698 2341 modo
1725 2307 1968 2345 simillimum
1996 2318 2066 2352 est,

207 2469 285 2523 35)
343 2464 761 2523 Echinorhynchus
803 2467 1008 2513 falcatus.
1068 2468 1214 2513 Froel.

288 2560 445 2602 synon.
490 2560 565 2592 Ech.
583 2559 734 2606 falcatus.
780 2565 990 2597 Froelich.
1016 2566 1144 2607 Naturfi
1169 2565 1272 2603 Stuza.
1297 2570 1412 2604 p.117.
1434 2565 1515 2595 Tab.
1528 2564 1584 2596 IV.
1609 2565 1825 2606 fig.22—24.
1871 2567 2003 2597 Zeder
2023 2567 2160 2610 Naturg.

455 2627 492 2656 p.
511 2626 582 2659 155.
606 2631 656 2652 nr.
671 2627 719 2658 18·
771 2621 990 2662 Rudolpht
1013 2622 1158 2663 synops.
1181 2632 1214 2660 p.
1230 2622 1282 2660 68.
1305 2633 1354 2653 nr.
1371 2630 1422 2657 21.
1468 2623 1643 2654 Entozool.
1667 2633 1700 2661 p.
1716 2631 1789 2663 271.
1814 2634 1864 2654 nr.
1885 2632 1934 2663 17.
1987 2623 2161 2655 Gmeltn

456 2673 544 2715 Syst.
568 2675 643 2708 Nat.
668 2681 807 2717 p.3o46.
831 2689 882 2711 nr.
899 2688 949 2711 20.
1300 2692 1302 2694 ’

234 2750 241 2757 “
288 2752 471 2786 Chai-act.
516 2752 685 2787 Proboscis
710 2758 908 2797 cylindrica,
932 2759 1126 2788 uncinorum
1149 2758 1413 2788 tenuissimorum
1434 2756 1579 2788 seriebus
1605 2767 1662 2787 sex
1684 2757 1737 2788 vel
1759 2765 1846 2796 octo,
1872 2758 1994 2789 collum
2018 2758 2158 2795 nullum,

456 2818 572 2847 corpus
595 2817 678 2841 teres
700 2814 836 2852 aequale
858 2815 1039 2845 incurvum.

287 2887 388 2919 Hah.
432 2886 473 2916 In
502 2888 665 2919 intestinis
694 2890 985 2922 Salamandrae
1016 2901 1136 2923 atrae.

354 2966 600 3014 Descript.
653 2969 997 3018 Echinorhynehus
1026 2979 1063 3008 et
1091 2985 1111 3008 a
1141 2972 1189 3010 cl.
1217 2970 1439 3007 Froelich
1468 2978 1504 3007 et
1532 2972 1581 3011 cl.
1608 2973 1770 3007 Brems
1783 2983 1832 3006 er
1858 2978 2000 3008 aestate
2027 2984 2155 3020 reper-

204 3042 292 3078 tus,
344 3039 502 3081 quatuor
541 3045 658 3080 usque
694 3046 760 3069 sex
793 3035 912 3071 lineas
944 3037 1105 3086 longus,
1157 3035 1358 3071 dimidiam
1393 3034 1543 3071 crassus
1577 3035 1718 3080 albus,
1761 3034 1979 3083 proboscide
2011 3036 2155 3073 lineam

200 3100 333 3147 longa,
387 3097 597 3146 cylindrica
623 3105 819 3145 truncata,
873 3101 1100 3137 uneinorum
1128 3100 1472 3136 minutissimorum
1499 3100 1667 3136 seriebus
1702 3107 1848 3148 septem
1876 3107 2006 3136 octove
2032 3108 2154 3137 trans-

201 3163 408 3199 versalibus
434 3162 601 3208 munita,
635 3164 727 3199 collo
754 3166 871 3212 nullo,
906 3178 1060 3213 corpore
1088 3165 1301 3201 duriusculo
1317 3165 1511 3213 (Froelich
1539 3165 1804 3219 cartilagineo)
1830 3164 1962 3209 tereti,
1993 3166 2152 3212 aequali,

201 3227 380 3273 incurvo,
433 3228 614 3276 apiceque
643 3228 770 3264 obtuso
796 3230 1001 3266 instructus
1039 3238 1108 3271 est,
1168 3231 1361 3276 Maculae,
1407 3238 1478 3278 qua
1514 3230 1735 3266 Froelich
1770 3229 1918 3276 apicem
1954 3229 2151 3273 caudalem

201 3290 449 3327 terminatum
476 3291 691 3328 observavit
717 3305 904 3342 quamque
932 3308 997 3342 pro
1031 3302 1208 3343 apert-ura
1233 3296 1374 3344 posuit,
1427 3297 1572 3332 nullum
1599 3295 1751 3343 quidem
1786 3293 1992 3343 vestigium
2029 3292 2148 3339 adest,

200 3355 267 3391 sed
301 3354 402 3391 haud
433 3357 595 3393 libenter
624 3358 834 3395 sententiae
863 3361 912 3401 cl,
939 3360 1090 3397 Rudol
1099 3360 1179 3410 phi
1218 3359 1441 3408 adstipulor,
1493 3360 1555 3408 qui
1589 3359 1694 3395 illam
1721 3370 1786 3405 pro
1814 3357 2028 3392 rudimento
2055 3358 2151 3393 vesi-

200 3422 307 3457 culae
341 3420 508 3457 caudalis
542 3425 726 3472 collapsae
765 3424 902 3471 habet,
954 3439 1043 3462 cum
1069 3424 1223 3474 reliquis
1257 3425 1296 3461 in
1327 3423 1659 3472 Echinorhynchis
1695 3429 1913 3470 aperturam
1948 3421 2147 3457 caudalem

200 3498 263 3521 me
296 3485 515 3523 observasse
548 3496 648 3535 puto,
