2520 4031
920 307 1381 346 -·-<55²--

356 394 687 433 Vesicularum
728 395 1025 433 seminalium
1067 404 1254 434 structura
1285 399 1323 434 in
1358 398 1514 436 diversis
1548 397 1873 450 Echinorhynchis
1908 407 2034 453 varia,
2076 407 2118 443 in

202 458 374 508 plurimis
407 464 535 495 autem
569 472 614 495 ex
646 459 735 495 tobis
767 461 827 496 vel
864 460 1123 506 diverticulis,
1173 475 1328 509 quorum
1371 467 1556 499 numerus
1583 471 1661 500 sex'
1685 465 1746 499 vel
1788 476 1895 513 octo,
1954 464 2115 516 constat,

202 535 365 571 quaeque
398 534 593 560 ramorum
623 523 700 571 ipso
733 536 754 559 e
784 536 871 561 vase
901 537 1038 574 magno
1080 525 1330 562 exoriuntium
1370 540 1436 576 ope
1479 528 1517 564 in
1549 540 1588 564 se
1623 528 1789 564 invicem
1824 527 2124 582 commu11i'cant3'

203 588 242 624 in
267 587 601 625 Ech.Haeruca
626 595 752 623 autem
780 589 868 625 duas
893 589 932 624 in
956 588 1072 624 series
1098 590 1266 636 sejuncta
1292 598 1390 636 sunt,
1419 603 1575 639 quorum
1595 603 1758 641 quaeque
1783 593 1901 629 tribus
1931 608 1974 631 ex
2000 598 2120 634 diver-

203 651 325 689 ticulis
360 659 531 698 constat,
583 658 620 687 et
652 652 761 694 Ech.
802 653 994 688 Proteus
1030 652 1126 688 mihi
1160 653 1250 690 dicti
1282 656 1448 691 vesicula
1481 655 1669 691 seminalis
1704 664 1785 693 octo
1821 669 1866 693 ex
1892 658 2122 698 diverticulis

202 717 456 763 componitur,
509 727 601 763 quae
628 717 751 752 omnia
783 717 950 763 sejuncta
983 723 1158 753 vasorum
1190 729 1393 765 parvorum
1428 731 1494 767 ope
1527 720 1666 755 iterum
1699 721 1736 756 in
1765 733 1804 756 se
1838 722 2005 760 invicem
2039 710 2125 760 con-¹

199 782 326 827 juncta
358 787 455 820 sunt.
502 781 535 826 ¹)

349 843 583 881 Diverticula
609 843 703 878 haec
735 843 869 893 globuli
903 851 987 880 sunt
1021 844 1065 880 de
1093 844 1222 892 quibus
1249 843 1420 882 Miiller
1445 848 1502 893 2),
1555 846 1710 884 Goeze
1738 850 1794 896 3),
1844 849 1992 888 Zeder
2016 854 2052 898 4)
2087 862 2125 890 et

200 908 426 955 Rudolphi
453 909 489 954 5)
521 906 750 943 mentionem
784 907 982 953 fecerunt,
1035 916 1071 944 et
1106 910 1333 947 Miillerus
1368 911 1445 959 ipse
1479 909 1669 952 affirmatx
1719 913 1835 959 „Mas
1862 926 1882 950 a
1911 927 1952 950 eo
1978 923 2125 954 tantum

199 987 248 1018 „a
274 971 544 1022 congeneribus
572 970 716 1017 differt,
758 972 851 1019 quod
879 982 1010 1008 versu's
1034 974 1175 1021 postica
1201 980 1343 1023 septem
1371 974 1525 1024 globulis
1560 976 1682 1023 opacis
1709 977 2003 1016 canaliculorum
2029 983 2126 1018 serie

198 1036 363 1084 „duplici
396 1035 647 1071 concatenatis
681 1036 884 1073 instructus
918 1037 1013 1076 sit,“
1084 1038 1245 1087 Egomet
1289 1038 1508 1074 diverticula
1549 1039 1643 1075 haec
1686 1041 1725 1076 in
1761 1042 1931 1078 omnibus
1967 1042 2124 1092 offendi,

197 1100 361 1148 exceptis
386 1107 514 1136 tamen
541 1099 942 1149 Echinorhyncho
969 1096 1249 1150 porrigente
1277 1101 1470 1138 caudato
1503 1109 1539 1137 et
1565 1101 1774 1150 Lancea,
1826 1118 1984 1152 quorum
2011 1110 2126 1145 Sta‘tus

196 1165 273 1205 hic,
324 1164 380 1199 Ex
407 1165 505 1200 illius
532 1165 632 1200 enim
659 1164 828 1200 testiculo
863 1164 991 1200 infimo
1017 1177 1081 1201 vas
1108 1175 1289 1214 magnum
1317 1173 1352 1201 et
1380 1178 1549 1202 crassum
1578 1168 1764 1214 exoritur,
1818 1169 1913 1217 quod
1937 1174 2051 1207 recta
2069 1174 2127 1210 via

195 1229 342 1276 apicem
375 1236 504 1277 petens
539 1229 579 1264 in
612 1228 814 1276 posteriore
850 1236 955 1275 parte
991 1236 1146 1275 quatuor
1180 1231 1238 1264 vel
1277 1229 1435 1276 quinque
1471 1229 1691 1267 diverticula
1728 1233 1826 1268 serie
1861 1233 1972 1270 unica
2006 1235 2126 1272 locata

194 1293 356 1338 format,
409 1305 567 1340 quorum
594 1293 784 1340 superiora
810 1281 1103 1340 ligamentorum
1129 1291 1374 1327 rotundorum
1401 1305 1467 1340 ope
1495 1294 1571 1329 cuti
1598 1294 1768 1331 internae
1796 1295 2011 1335 adhaerent.
2069 1300 2126 1336 Ex

194 1358 325 1393 ultimo
352 1357 571 1392 diverticulo
597 1356 743 1391 tubulus
769 1355 1004 1391 acuminatus
1031 1355 1197 1391 exoritur
1221 1355 1265 1391 ab
1293 1356 1514 1393 membrana
1542 1359 1716 1395 cellulosa
1743 1361 1825 1396 laxe
1853 1361 2123 1410 circumdatus,

195 1430 232 1458 et
264 1422 303 1458 hi
330 1421 504 1457 vesiculis
537 1418 778 1455 seminalibus
810 1419 956 1467 proprie
984 1418 1039 1455 sic
1078 1419 1186 1456 dictis
1221 1418 1416 1466 destituti,
1443 1411 1605 1457 'horum
1634 1424 1714 1459 loco
1740 1425 1858 1460 tribus
1884 1427 1944 1461 vel
1971 1434 2125 1473 quatuor

195 1485 364 1522 ductibus
397 1492 500 1521 recta
531 1483 592 1519 via
626 1482 670 1518 ad
703 1483 850 1530 apicem
889 1482 1083 1519 caudalem
1117 1482 1353 1520 tendentibus
1388 1492 1424 1519 et
1451 1485 1494 1520 ab
1521 1486 1745 1522 membrana
1773 1489 1946 1524 cellulosa
1971 1490 2125 1528 inclusis

194 1550 392 1592 fruuntur,
438 1548 570 1595 quique
598 1547 759 1593 aliquam
786 1547 848 1582 diu
881 1559 996 1594 aeque
1023 1547 1161 1593 crassi,
1215 1560 1303 1584 mox
1330 1555 1457 1584 autem
1483 1548 1522 1584 in
1549 1563 1622 1585 uno
1648 1551 1749 1598 prius
1778 1552 1816 1586 in
1844 1552 1960 1588 altero
1990 1555 2124 1600 serius,

195 1614 240 1650 ab
273 1614 476 1663 ligamento
510 1611 699 1647 tendinoso
736 1611 939 1660 gyriformi
980 1611 1085 1658 quasi
1119 1612 1339 1657 constricti,
1392 1620 1429 1648 et
1468 1613 1568 1649 infra
1604 1614 1674 1651 1100
1707 1615 1746 1651 in
1780 1615 1935 1652 ductum
1969 1618 2124 1654 unicum

196 1677 384 1724 conjuncti
411 1683 509 1716 sunt,
572 1676 717 1712 Ductus
745 1675 806 1712 hic
833 1674 990 1723 denique
1018 1678 1208 1725 (organon
1240 1676 1337 1712 mihi
1368 1677 1473 1725 penis
1499 1677 1610 1714 ‘vices
1648 1681 1811 1727 gerens)
1838 1680 1962 1716 forma
1988 1681 2125 1731 globuli

196 1741 401 1778 acuminati
430 1747 606 1788 accepta,
662 1739 739 1776 cuti
765 1740 935 1775 internae
964 1738 1079 1786 apicis
1105 1739 1270 1776 caudalis
1296 1739 1489 1782 adhaeret,

343 1804 506 1840 Tubulus
538 1804 621 1839 talis
654 1803 1133 1853 globuloso-acuminatu‘s,
1180 1805 1238 1839 vel
1273 1805 1402 1840 solum*
1428 1805 1665 1842 acuminatus
1699 1819 1744 1842 ex
1776 1807 1905 1843 infimo
1937 1809 2125 1845 vesiculae

195 1868 386 1906 seminalis
421 1866 642 1903 diverticulo
670 1867 834 1902 exoritur
860 1875 897 1903 et
922 1861 1317 1904 resectus'excavatus
1352 1875 1421 1909 est.
1485 1869 1705 1906 Membrana
1732 1872 1908 1908 cellulosa
1942 1872 2125 1921 diaphana

194 1944 360 1982 organon
393 1931 464 1968 hoc
496 1932 584 1980 peni'
618 1932 816 1980 analogum
844 1932 878 1977 6)
920 1933 1006 1968 laxa
1046 1943 1090 1967 ac
1131 1936 1267 1981 rugosa
1303 1932 1448 1981 cingit,
1503 1946 1595 1980 quae
1633 1947 1741 1971 mare
1782 1935 1827 1971 ad
1869 1936 2128 1974 foecundanda

193 1998 302 2033 ovula
340 2003 492 2032 mutura
519 2003 556 2032 et
589 1996 633 2031 ab
660 1995 825 2031 foemina
858 1995 1021 2043 deposita
1053 2003 1219 2045 parato,·
1248 1995 1322 2032 una
1357 2008 1446 2031 cum
1481 1998 1569 2045 styli
1595 2000 1770 2035 acumine
1798 2012 1844 2035 ex
1870 2000 2011 2036 orificio
2039 2013 2125 2038 cau-

193 2061 269 2098 dali
295 2068 465 2110 protrusa
495 2060 704 2096 vesiculam
736 2059 933 2096 caudalem
967 2060 1133 2106 format,
1184 2059 1228 2096 d'e
1264 2061 1369 2107 cujus
1401 2059 1545 2110 origine
1579 2062 1679 2098 infra
1712 2063 1955 2104 se'rmo'erit.
2016 2065 2131 2101 Hanc

193 2125 240 2162 ad
267 2124 422 2161 ductum
446 2132 488 2160 ut
514 2125 628 2160 etiam
656 2123 701 2160 ad
728 2123 951 2160 diverticula
973 2124 1122 2161 vesicae
1150 2123 1343 2160 seminalis
1369 2126 1543 2161 nonnulla
1570 2138 1710 2173 quoque
1737 2126 1799 2162 fila
1823 2126 1994 2173 tendunt,
2041 2141 2126 2176 quo-

193 2201 281 2225 rum
316 2190 493 2224 nonnulla·
523 2189 567 2224 ab
602 2187 731 2224 infima
767 2187 861 2224 cutis
892 2188 1065 2225 internae
1105 2187 1211 2237 p'arte
1254 2195 1381 2224 exorta
1417 2190 1607 2236 superiora
1641 2191 1798 2237 petunt,
1851 2191 1923 2228 alia
1955 2205 2044 2228 vero
2081 2207 2126 2229 ex

193 2253 383 2301 superiore
411 2260 514 2300 parte
543 2259 670 2288 exorta
695 2251 857 2288 infimae
874 2252 990 2288 tubuli
1014 2253 1112 2300 parti
1137 2253 1367 2301 inseruntur,
1396 2261 1561 2301 quaeque
1588 2261 1629 2290 ut
1654 2254 1751 2290 mihi
1776 2267 1996 2302 persuasum
2022 2257 2127 2293 tubu-

194 2319 273 2353 lum
300 2324 382 2352 tum
409 2316 550 2366 agendo
577 2312 798 2364 protrudunt
807 2319 835 2362 ,'
871 2317 1191 2356 tum'retrahunL

345 2381 497 2430 Organa
523 2379 772 2430 generationis
806 2392 915 2432 sexus
939 2380 1128 2431 *sequioris
1161 2387 1288 2426 utero,
1342 2388 1380 2417 et
1413 2381 1539 2418 ovario
1572 2380 1792 2418 innumeras
1817 2384 2046 2430 placentulas
2073 2385 2127 2420 in-

195 2445 365 2482 cludente
394 2450 591 2490 constant,
643 2445 688 2481 de
721 2442 850 2493 quibus
884 2441 1039 2494 si‘ng'ulis
1072 2444 1430 2495 pauca-exhibeam.
1494 2444 1669 2494 Organon
1704 2458 1840 2493 nempe
1875 2446 1968 2494 quod
2000 2447 2127 2483 uteri

193 2510 298 2545 vices
325 2509 436 2558 gerit,
470 2509 535 2545 uti·
553 2505 743 2545 convictus
770 2519 869 2553 sum,
905 2509 944 2544 in
969 2508 1099 2544 infima
1126 2515 1163 2544 et
1187 2507 1328 2560 postica
1352 2515 1457 2555 parte
1481 2508 1596 2555 apicis
1623 2508 1789 2545 caudalis
1812 2510 1947 2555 situm,
1975 2517 2011 2546 et
2027 2511 2125 2546 telae

195 2574 391 2610 cellulosae
426 2579 464 2608 et
494 2572 737 2621 propriorum
758 2568 1019 2609 'musculorum
1055 2584 1121 2620 ope
1144 2571 1232 2608 cuti
1263 2572 1434 2608 internae
1466 2571 1628 2608 adfixum
1661 2573 1808 2612 haeret
1874 2575 2128 2610 Structura

194 2637 294 2673 uteri
326 2636 606 2695 simplicissima
634 2649 722 2672 cum
747 2638 866 2673 solum
895 2650 941 2672 ex
963 2635 1186 2672 membrana
1202 2636 1378 2686 cellulosa
1401 2635 1513 2672 dense
1536 2643 1637 2672 texta
1662 2637 1701 2673 in
1727 2637 1913 2684 plerisque
1941 2638 2125 2686 diaphana

195 2707 366 2746 constat,
420 2710 513 2750 quae
547 2697 619 2734 ab
626 2700 762 2736 ramis
761 2689 1005 2747 ramulisque'
1044 2705 1222 2736 vasorum
1256 2697 1416 2750 undique
1450 2705 1684 2747 perreptata
1703 2708 1785 2745 est,
1838 2701 1961 2738 forma
1997 2709 2123 2738 autem

195 2771 350 2801 externa
390 2763 430 2799 in
467 2760 596 2799 variis
625 2758 804 2801 femellis
820 2751 1153 2813 Echinorhynchis
1190 2763 1343 2800 diversa
1383 2762 1609 2812 offenditur,
1661 2765 1880 2813 plerumque
1916 2772 2044 2801 tamen
2085 2766 2123 2801 in

537 2823 555 2838 ’.
579 2824 582 2825 ’
636 2821 650 2827 ”
675 2823 678 2827 ’
772 2826 775 2837 ι
807 2822 817 2843 5
863 2832 868 2842 ,
920 2836 923 2840 ⁴
973 2835 997 2839 ,,
1181 2833 1184 2836 ⁴

520 2896 524 2901 -
546 2897 548 2901 ν
718 2888 722 2903 ι
774 2890 827 2906 „in
865 2901 869 2904 Δ

234 2958 236 2960 ·
281 2945 312 2982 ι)
352 2942 516 2973 Tab.111.'
543 2942 598 2984 fig.
612 2944 664 2982 2⁴4
720 2958 724 2963 .
856 2936 916 2970 {MC
955 2955 957 2959 .
997 2952 1022 2959 ,,

280 3020 313 3059 2)
356 3021 450 3051 Z001·
475 3019 559 3050 Dan·
581 3019 659 3052 νδ]
676 3019 718 3050 Π·
741 3029 775 3059 Ρ.
780 3016 840 3061 3²9.
866 3014 1144 3051 N'a'turf}²·Sr.12.·
1172 3018 1196 3050 1,
1220 3015 1271 3053 c.'

280 3102 312 3137 3)
354 3091 496 3140 Naturg.‘
529 3100 553 3131 l.
577 3110 602 3129 0.
845 3090 848 3094 ’
886 3079 896 3097 ¹
929 3088 946 3095 ‘v
992 3078 1004 3092 z

279 3178 315 3218 4)
356 3176 515 3218 Nachtrag
542 3185 660 3216 p.v1>12.

282 3259 312 3294 ς)
353 3255 380 3285 1·
404 3265 431 3286 c·
467 3264 610 3296 111290.-

279 3335 310 3370 6)
351 3332 520 3363 Tubulum
540 3333 642 3368 huuc,
688 3341 832 3373 organon
854 3332 972 3363 officiis
993 3330 1043 3361 his
1065 3332 1101 3361 in
1129 3329 1291 3365 vermibus
1313 3329 1448 3359 membri
1475 3329 1582 3359 virilis
1613 3338 1726 3369 gerens
1741 3348 1749 3362 ‚
1793 3327 1907 3359 habere
1936 3330 2027 3359 valde
2050 3341 2118 3360 sum

400 3398 587 3426 persuasus,
631 3390 800 3427 praecipue
826 3397 896 3417 cum
926 3389 1114 3435 saepssime.
1126 3397 1257 3415 acumen
1280 3397 1319 3415 ex
1349 3387 1449 3425 apicis
1479 3385 1619 3415 caudatis
1653 3384 1776 3415 orificio
1803 3393 1985 3423 proti-usum
2014 3386 2117 3417 obser

400 3443 491 3477 vavi,
535 3444 620 3483 quod
650 3451 681 3473 et
708 3443 834 3473 Bloch
862 3441 1043 3479 (Abhandl.
1066 3453 1098 3481 Ρ.
1117 3451 1167 3480 27.
1190 3441 1277 3482 Tab.
1298 3441 1373 3471 VH.
1403 3442 1454 3482 fig,
1470 3443 1544 3479 47.)
1586 3448 1616 3469 et
1644 3441 1682 3469 ab
1711 3441 1852 3470 Olfers
1881 3441 1924 3479 (H
1939 3443 2117 3479 adolphi

400 3496 535 3537 Sy.nops
564 3508 598 3536 p.
617 3502 710 3538 587.)
739 3501 946 3538 reperierunt.
