2520 4031
1100 315 1208 335 -4
1307 309 1355 348 54
1452 313 1560 333 »—

373 409 660 449 discernuntur,
713 411 750 440 et
773 405 828 440 sic
855 417 888 444 e,
916 415 953 452 g.
980 394 1146 438 feminae
1180 406 1328 447 semper
1361 399 1546 448 longiores
1580 406 1616 434 et
1649 398 1874 443 crassiores,
1925 410 2051 435 mares
2086 405 2121 434 et
2155 405 2285 436 contra

372 470 535 508 minores
569 476 606 504 et
639 468 855 518 graciliores
887 473 991 510 sunt,
1043 472 1090 509 ut,
1110 465 1335 499 Miillerus
1364 464 1398 508 ¹)
1434 464 1513 510 jam
1545 461 1637 497 bene
1672 463 1837 508 monuit,
1889 462 1982 508 quod
2015 462 2141 499 forsan
2166 464 2305 498 solum·

369 535 414 570 de
440 532 755 581 Echinorhyncho
781 531 922 576 majore
949 528 1150 564 dicendum
1176 541 1248 563 non
1275 534 1343 572 est,
1381 527 1484 574 cujus
1512 537 1639 561 mares
1665 525 1817 562 feminis
1843 525 1961 573 quoad
1987 526 2285 577 magnitudinem

368 611 440 634 non
467 598 587 633 solum
615 596 757 632 similes
785 605 830 628 ne
857 593 981 628 dicam
1007 598 1223 640 superantes
1250 590 1457 631 observavi,
1477 591 1512 633 2)
1563 587 1736 637 Corporis
1760 602 1868 637 porro
1894 602 1985 637 pars*
2003 591 2165 637 postica,
2201 602 2286 626 cau-

367 660 604 704 dalisdicta,
645 661 683 694 in
710 657 864 693 feminis
890 657 1034 693 acutior
1060 663 1096 692 et
1121 656 1291 701 tenuior,
1328 655 1367 690 in
1393 654 1560 691 maribus
1587 666 1676 689 vero
1703 653 1866 693 crassior
1892 661 2000 700 atq-ue
2027 652 2189 690 obtusior
2217 661 2285 699 est,

367 732 405 767 et
429 725 645 773 plerumque
672 723 843 770 prolapsu
869 721 1113 757 membranae
1140 720 1366 756 terminatur
1399 725 1436 754 et
1463 725 1559 759 caet,
1960 723 1962 725 '

514 788 669 822 Resecto
696 798 850 833 corpore
877 785 993 821 maris
1020 784 1322 831 membranisque
1357 782 1549 830 explicatis
1575 781 1722 818 tabulae
1750 793 1884 817 cereae
1912 779 2062 825 adfixis,
2115 780 2153 815 in
2180 781 2288 828 hujus

367 852 492 889 antica
517 856 621 897 parte
648 848 718 884 duo
745 861 900 896 corpora
927 848 1170 892 subrotnnda,
1208 846 1564 883 curcumeriformia
1585 846 1645 881 vel
1667 845 1963 893 eliptieo-ovalia
1985 845 2024 881 in
2047 851 2287 891 conspectum

366 916 538 957 veniunt,
567 924 658 959 quae
686 920 726 948 ut
748 912 879 948 officiis
900 912 1158 947 testiculorum
1176 910 1401 958 fungantur,
1437 916 1541 944 extra
1568 908 1689 944 omnis
1716 908 1953 944 dubitationis
1979 909 2102 944 aleam
2127 907 2288 956 positum

368 978 461 1014 mihi
493 976 654 1015 videtur.
712 977 768 1015 Ill,
802 977 833 1009 N
843 974 994 1011 itzsch
1020 975 1055 1019 3)
1089 973 1233 1020 primus
1267 978 1406 1007 statum
1439 972 1655 1019 systematis
1695 973 1853 1008 masculi
1885 972 2196 1021 Echinorhynchi
2222 970 2289 1009 Gi-

366 1039 487 1090 gantis
513 1040 651 1087 optime
687 1051 870 1086 exponens
887 1064 899 1084 ,
951 1038 991 1074 in
1025 1038 1095 1073 hoc
1123 1048 1262 1086 organa
1295 1035 1390 1071 haec
1416 1034 1502 1071 bina
1529 1035 1581 1070 ita
1607 1036 1726 1071 locata
1752 1035 1989 1082 observavit,
2040 1044 2081 1072 ut
2106 1036 2289 1084 posterius

364 1103 530 1139 mediam
557 1103 638 1138 fere
665 1103 1002 1150 corporis-partem
1029 1107 1251 1147 occuparet,
1289 1099 1454 1135 anterius
1483 1106 1609 1134 autem
1636 1099 1675 1134 in
1702 1099 1826 1134 antica
1852 1107 1955 1146 parte
1980 1101 2093 1136 situm
2120 1101 2181 1140 sit,
2233 1100 2290 1135 Ita

363 1174 400 1202 et
434 1173 583 1216 egomet
618 1167 808 1202 testiculos
842 1163 912 1202 hoc
948 1166 988 1201 in
1022 1164 1341 1212 Echinorliyncho
1366 1165 1403 1207 4)
1437 1163 1628 1210 dispositos
1651 1161 1823 1207 offendi,
1876 1163 2059 1200 aliomodo
2091 1170 2218 1199 autem
2251 1163 2290 1199 in

363 1230 514 1277 reliquis
541 1230 668 1268 locati.
1599 1266 1606 1274 ,

504 1294 547 1329 In
580 1293 987 1342 Echinorhyncho
1030 1293 1209 1339 majore
1241 1293 1302 1336 5),
1354 1303 1489 1338 nempe
1524 1290 1563 1325 in
1595 1290 1737 1336 postica
1772 1297 1881 1338 parte*
1913 1291 2077 1337 corporis
2112 1291 2202 1336 siti,
2254 1298 2291 1326 et

362 1359 504 1405 longius
540 1369 560 1392 a
594 1369 635 1392 se
669 1357 835 1393 invicem
869 1357 1033 1403 distant,
1085 1356 1208 1392 forma
1252 1354 1560 1402 eliptico-ova'lis.
1621 1354 1663 1395 ln
1703 1353 2108 1402 Echinorhyncho
2145 1355 2292 1401 porri-

361 1428 501 1470 gente
529 1422 563 1467 6)
598 1433 663 1456 vas
700 1420 1000 1456 minutissimum
1036 1433 1081 1455 ex
1113 1420 1347 1467 receptaculo
1386 1417 1742 1462 infundibiliformi,
1793 1425 1911 1453 totam
1946 1418 2111 1454 anticam
2144 1424 2291 1464 partem

360 1485 525 1532 corporis
552 1484 663 1533 legit,
704 1491 740 1519 et
767 1484 806 1519 in
831 1484 1034 1531 posteriore
1060 1483 1100 1519 in
1126 1483 1343 1518 testiculum
1371 1483 1517 1517 ovalem
1546 1480 1641 1525 abit,
1688 1493 1708 1516 a
1735 1494 1804 1534 quo
1831 1482 2015 1517 secundus
2045 1494 2159 1529 aeque
2187 1491 2292 1531 mag-

361 1560 429 1584 nus
461 1549 568 1584 brevi
601 1548 725 1587 distat.
800 1546 1199 1596 Echinorhynchi
1241 1546 1429 1583 caudati
1455 1547 1492 1591 7)
1528 1544 1692 1580 testiculi
1732 1544 1898 1579 anticam
1940 1553 2087 1591 partem
2128 1546 2292 1592 corporis

361 1619 543 1659 occupant
577 1618 613 1647 et
643 1624 738 1647 unus
774 1611 883 1647 alteri
921 1611 1135 1657 incumbit3
1186 1611 1225 1646 in
1265 1609 1375 1650 Ech.
1415 1608 1642 1657 Hystrice
1671 1609 1705 1653 ⁸)
1741 1607 1908 1644 mediam
1951 1614 2097 1656 partem
2139 1608 2290 1652 habent,

360 1689 474 1723 aeque
501 1675 565 1711 alti
591 1676 723 1722 locati,
774 1675 814 1710 in
840 1674 951 1715 Ech.
978 1676 1199 1711 Haeruca
1226 1675 1262 1719 9)
1295 1674 1454 1720 sejuncti
1479 1673 1517 1708 in
1544 1672 1684 1720 postica
1710 1679 1834 1720 parte,
1885 1672 1925 1707 in
1958 1672 2068 1713 Ech,
2096 1671 2292 1708 Proteus

359 1741 455 1776 mihi
482 1740 580 1775 dicto
609 1741 660 1784 ¹0)
693 1740 733 1787 in
760 1739 886 1775 antica
913 1747 1019 1786 parte
1054 1738 1242 1786 conjuncti
1267 1738 1393 1773 locum
1422 1744 1564 1776 tenent.
1978 1736 1980 1738 ’

502 1804 777 1839 Testiculorum
810 1810 1000 1840 structura
1032 1804 1180 1839 interna
1212 1802 1251 1838 in
1285 1801 1455 1837 omnibus
1492 1808 1533 1836 ut
1565 1800 1714 1836 videtur
1751 1799 1912 1844 eadem,
1973 1799 2152 1836 dissectos
2189 1799 2291 1835 enim

359 1868 499 1903 duabus
526 1880 571 1902 ex
597 1867 829 1903 membranis
863 1867 1046 1903 formatos
1081 1866 1237 1912 offendi,
1268 1876 1449 1912 'quarum
1483 1872 1637 1900 externa
1672 1864 1833 1899 crassior
1863 1876 1907 1899 ac
1942 1862 2088 1909 durior,
2140 1864 2290 1900 interna

361 1931 505 1967 tenuior
532 1938 569 1966 et
595 1943 749 1967 mucosa
777 1937 852 1975 est,
887 1943 1052 1977 quaeque
1080 1930 1214 1966 ambae
1241 1928 1499 1979 parenchyma
1526 1929 1763 1964 vasculosum
1785 1935 1820 1963 et
1842 1935 2062 1976 grumosum
2084 1927 2291 1966 includunt.

362 1996 517 2030 Praeter
550 1995 619 2030 has
654 2007 743 2029 vero
786 1995 1028 2030 membranas
1070 1994 1216 2030 tunicas
1251 1993 1419 2040 proprias
1456 1993 1716 2028 testiculorum
1750 1992 1961 2036 facientes,
2014 1991 2142 2027 tunica
2175 1991 2290 2027 etiam

364 2059 539 2094 cellulosa
565 2058 751 2105 diaphana
777 2057 820 2092 ab
848 2065 933 2093 cute
960 2059 1108 2094 interna
1135 2065 1262 2093 exorta
1288 2057 1368 2092 illos
1397 2057 1533 2101 ambit,
1559 2064 1599 2091 ut
1626 2069 1765 2103 quoque
1792 2056 1879 2092 hinc
1897 2056 2046 2091 illincve
2063 2056 2124 2091 fila
2143 2067 2293 2092 muscu-

362 2123 438 2157 losa
465 2121 675 2169 conspicua¹
695 2128 794 2160 sunt.
847 2122 1068 2158 Membrana
1100 2122 1194 2158 haec
1229 2122 1402 2156 cellulosa
1427 2133 1557 2156 versus
1585 2120 1751 2156 anticam
1776 2128 1922 2167 partem
1948 2120 2125 2169 vaginam
2165 2118 2294 2163 efficit,

363 2199 430 2233 per
458 2185 563 2231 cujus
589 2184 760 2220 medium
784 2197 850 2221 vas
878 2186 924 2221 ad
950 2186 1128 2236 vaginam
1155 2184 1381 2233 proboscidis
1407 2185 1549 2234 pergit,
1578 2183 1671 2231 quod
1694 2184 1872 2220 musculis
1893 2184 2144 2231 protusoribus
2171 2195 2292 2218 mem*

362 2249 560 2295 branisque
586 2249 744 2297 vaginae
771 2250 991 2296 perforatis,
1033 2250 1125 2285 ostio
1151 2249 1405 2284 minutissimo
1432 2250 1470 2284 in
1495 2249 1654 2298 vaginae
1685 2260 1821 2284 cavum
1848 2248 1940 2288 hiat,
1991 2248 2068 2284 Vas
2095 2248 2166 2283 hoc
2195 2253 2294 2283 ante'-

366 2314 444 2348 riae
472 2313 722 2360 spermaticae
757 2315 963 2363 analogon,
1015 2313 1273 2361 parenchyma
1307 2313 1470 2349 testiculi
1510 2312 1710 2359 superioris
1744 2318 1961 2360 perreptat,
2016 2318 2052 2346 et
2085 2311 2156 2347 hoc
2193 2311 2294 2347 abso-

365 2378 439 2412 luto
467 2389 582 2424 aeque
617 2389 803 2426 magnum
837 2377 1044 2414 secundum
1076 2377 1294 2413 testiculum
1320 2378 1446 2414 intrat.
1505 2378 1559 2412 Ita
1587 2377 1626 2412 in
1652 2375 1822 2411 omnibus
1854 2375 2183 2423 Echinorhynchis
2209 2386 2294 2422 quo-

365 2453 451 2476 rum
478 2441 642 2476 testiculi
667 2454 740 2477 una
766 2442 805 2476 in
831 2442 929 2477 serie
950 2442 1062 2478 locati
1089 2441 1366 2489 dispositionem
1392 2442 1491 2477 vasis
1519 2440 1673 2485 offendi,
1707 2440 1746 2476 in
1772 2440 1884 2479 Ech.
1911 2439 1947 2474 H
1956 2439 2139 2488 ystric'e
2168 2434 2294 2474 autem

364 2518 431 2541 vas
458 2505 520 2540 vix
546 2505 681 2554 vagina
712 2505 938 2552 proboscidis
964 2508 1098 2543 relicta
1124 2506 1163 2542 in
1190 2506 1279 2541 duos
1304 2519 1430 2542 ramos
1458 2505 1588 2541 fissum
1622 2511 1698 2550 est,
1752 2516 1907 2550 quorum
1935 2504 2085 2552 quisque
2112 2503 2150 2539 in
2176 2513 2297 2539 unum

368 2568 579 2604 testiculum
607 2569 695 2609 abit.
718 2589 760 2595 -
815 2569 1008 2606 Secundus
1035 2571 1228 2610 testiculus
1252 2584 1352 2607 nunc
1380 2584 1444 2618 ope
1467 2570 1576 2616 liujus
1597 2569 1697 2604 vasis
1716 2580 1802 2604 cum
1822 2568 1910 2615 ipsis
1935 2567 2111 2604 ve'sicttlis
2138 2558 2298 2603 semina-⁶

365 2633 459 2668 libus
482 2633 699 2678 conjunctus
727 2640 795 2677 est,
825 2634 919 2680 qoud
938 2648 1027 2670 vero
1054 2647 1119 2681 pro
1142 2633 1290 2670 diversa
1318 2634 1552 2682 dispositione
1579 2633 1833 2668 vesicularum
1861 2633 1964 2668 vario
1992 2632 2102 2668 modo
2127 2633 2294 2680 longum,

367 2709 411 2731 ac
439 2707 624 2739 crassum,
663 2696 701 2730 in
728 2697 910 2743 plerisque
937 2698 1166 2742 solitarium,
1219 2698 1259 2733 in
1285 2699 1392 2737 Ech.
1428 2698 1631 2733 haeruca
1663 2703 1789 2732 autem
1817 2696 1904 2732 duos
1931 2697 1970 2732 in
1996 2696 2127 2732 ductus
2152 2694 2294 2739 fissum,

368 2771 456 2805 cum
483 2759 593 2806 hujus
627 2758 849 2795 diverticula
884 2762 1072 2798 vesiculae
1101 2762 1294 2797 seminalis
1322 2761 1412 2798 duas
1442 2761 1559 2797 series
1590 2773 1611 2796 a
1636 2773 1675 2796 se
1706 2761 1873 2797 invicem
1894 2761 2087 2807 sejunctas
2116 2759 2294 2800 formant,

455 2912 485 2946 1)
528 2912 622 2943 ΖοοΙ.
653 2911 735 2941 Dan.
779 2911 916 2943 V01.11.
953 2921 986 2949 p.
1003 2918 1053 2950 45.
1118 2909 1179 2940 Vir
1213 2912 1318 2942 clarus
1358 2911 1481 2948 refertt,
1533 2920 1633 2941 mares
1677 2909 1940 2952 Echinorhynchi
1977 2907 2132 2948 angustati
2169 2905 2299 2935 feminis

578 2978 705 3005 semper
726 2968 905 3003 breviores,
950 2967 987 2997 ad
1010 2965 1144 3005 duplum
1165 2977 1269 3007 usque
1291 2967 1479 3005 reperiisse·

456 3045 487 3080 2)
530 3043 650 3074 Nescio
673 3056 713 3074 an
736 3053 820 3075 recte
842 3045 950 3074 forsan
970 3045 1132 3081 dixerim,
1175 3047 1309 3075 marium
1332 3045 1569 3085 longitudinem
1599 3045 1633 3073 in
1662 3054 1724 3072 una
1754 3043 1929 3082 eademque
1952 3042 2058 3079 specie
2080 3040 2142 3070 sibi
2173 3048 2300 3077 semper

577 3102 715 3132 similem
738 3113 822 3139 esse·,
865 3102 998 3131 Bloch
1026 3103 1073 3139 (l.
1099 3112 1125 3131 c.
1155 3111 1186 3139 p.
1199 3103 1261 3139 27)
1284 3102 1370 3130 enim
1393 3100 1593 3135 observavit,
1638 3100 1725 3139 quod
1749 3106 1779 3127 et
1804 3107 1863 3138 ego
1887 3105 2040 3135 expertus
2063 3106 2152 3131 sum,
2195 3105 2298 3125 mares

577 3157 653 3187 Eeh.
677 3156 823 3197 Gigantis
858 3168 984 3195 semper
1013 3159 1227 3195 tripollicares
1259 3168 1325 3186 esse
1343 3178 1351 3193 ,
1395 3165 1426 3186 et
1455 3159 1498 3186 sic
1528 3158 1622 3185 ctiam
1651 3165 1750 3184 mares
1782 3155 1858 3185 Ech.
1883 3150 2031 3189 enudati,
2075 3151 2217 3181 Lanceae
2238 3158 2297 3180 etc-

577 3223 702 3251 semper
730 3215 864 3244 eandem
892 3215 1128 3254 longitudinem
1157 3220 1336 3248 servantes,
1380 3213 1557 3242 observavi.

459 3284 490 3318 3)
529 3280 672 3321 Allgem.
696 3283 931 3323 Encyclopaed.
955 3283 1009 3311 der
1032 3281 1297 3312 wissenschaften
1319 3291 1349 3309 v.
1373 3278 1510 3309 Ersch.
1540 3290 1571 3308 u.
1598 3278 1770 3311 Grnber.
1800 3278 1896 3308 Bd.1.
1928 3276 2109 3308 Abtheila.
2132 3285 2245 3315 p.241.
2287 3301 2289 3304 .

458 3351 489 3385 4)
531 3349 611 3380 Tab.
630 3349 672 3379 II.
715 3350 768 3390 fig.
787 3360 814 3382 1.
845 3359 877 3381 et
905 3359 933 3383 2.
1003 3369 1044 3374 —
1172 3353 1203 3387 5)
1249 3349 1332 3379 Tab.
1351 3348 1394 3379 ΙΙ.
1438 3347 1495 3387 fig.
1518 3357 1566 3378 ιι.
1635 3364 1675 3370 --
1811 3349 1842 3383 6)
1892 3345 1972 3376 Tab.
1991 3345 2034 3376 ΙΙ.
2078 3346 2135 3386 fig.
2153 3353 2205 3385 25.
2261 3361 2300 3368 --

456 3417 489 3454 7)
531 3416 610 3446 Tab.
628 3417 687 3449 111.
726 3419 782 3458 fig.
802 3428 827 3451 1.
852 3428 880 3449 et
904 3428 932 3452 2.
999 3436 1039 3443 —-
1114 3420 1118 3423 ’
1168 3422 1198 3456 ε)
1241 3420 1322 3450 Tab.
1339 3418 1399 3450 ΙΙΙ.
1434 3418 1490 3459 fig.
1519 3419 1565 3448 16.
1631 3434 1672 3441 2—-
1806 3418 1839 3454 9)
1880 3413 2038 3444 Tab.11L
2077 3414 2134 3454 fig.
2156 3419 2204 3450 ¹8-
2261 3428 2300 3437 α·-

441 3485 490 3521 ιο)
532 3484 613 3517 Tab.
630 3486 689 3517 ΙΙΙ,
726 3487 782 3529 fig.
804 3497 853 3521 22.
