2520 4031
1065 269 1201 309 '——-=
1301 283 1557 321 44³-

358 389 421 428 ‘vel
455 386 617 438 corporis
650 372 773 421 antica
813 387 918 430 parte
952 378 1117 416 insidens
1158 375 1290 411 officiis
1329 372 1461 419 capitis
1489 374 1522 417 1)
1568 372 1765 421 fungitur,
1819 371 1994 418 cujusque
2037 381 2105 417 ope
2145 369 2287 405 vermis

359 464 515 492 succum
541 448 782 486 nutritorium
809 444 948 482 haurit.
1009 444 1036 477 F
1048 456 1067 477 o
1077 456 1097 476 r
1106 453 1145 476 m
1156 452 1176 475 a
1212 452 1231 474 e
1242 452 1264 473 x
1273 444 1288 472 t
1298 449 1316 471 e
1324 450 1345 471 r
1353 450 1376 471 n
1387 448 1408 470 a
1442 434 1669 481 proboscidis
1704 435 1744 469 in
1777 433 1931 482 singulis
1958 432 2288 481 Echinorhynchis

359 516 506 554 diversa
517 538 528 558 ,
581 525 669 548 mox
702 510 803 546 enim
845 506 1081 554 subglobosa,
1137 504 1304 544 clavata,
1358 498 1492 542 uvalis,
1546 498 1754 545 cylindrica
1783 504 1856 536 etc,
1892 504 1972 543 est,
2026 504 2067 532 ut
2099 509 2209 544 supra
2245 508 2291 531 ex

358 562 614 616 distributione
646 574 880 622 singularum
915 569 1128 615 specierum
1162 565 1348 610 innotuit3
1410 568 1658 598 structura
1698 562 1896 597 interna'
1921 573 2010 596 vero
2045 563 2084 597 in
2118 559 2289 595 omnibus

357 651 398 679 ut
425 655 470 678 ex
497 637 778 676 dissectionibus
807 646 828 668 a
863 645 924 667 me
961 632 1072 667 factis
1106 629 1308 678 petendum
1342 627 1439 663 mihi
1473 625 1647 670 videtur,
1704 631 1857 671 excepta
1891 623 2104 671 proboscide
2131 623 2290 659 Echino-

355 704 520 755 rhynohi
547 702 671 738 Tubao
699 697 853 742 eadem,
896 703 932 732 et
958 703 1040 731 tum
1069 707 1200 741 corpus
1227 692 1508 735 duriusculum,
1552 697 1633 724 tum
1660 688 1907 724 membranae
1936 686 2029 723 duae
2055 689 2291 737 integumen-

353 777 479 806 torum
507 763 765 803 communium
794 761 897 796 vices
924 767 1121 809 gerentes,
1163 765 1246 793 tum
1273 754 1418 792 hamuli
1454 761 1490 789 et
1523 753 1562 788 in
1589 753 1694 801 apice
1724 752 1859 800 papilla
1892 750 2050 788 notanda
2077 738 2152 797 est,
2201 761 2291 798 quas

354 842 478 883 partes
505 840 602 867 nuno
629 825 794 875 singulas
821 823 1070 872 pertractabo.
1599 854 1601 856 .

504 889 802 928 Membranae
841 888 1003 923 ambae
1039 898 1172 933 corpus
1207 883 1434 932 proboscidis
1463 883 1678 930 cingentes,
1715 881 1835 915 solum
1860 886 1987 915 autem
2016 879 2054 914 in
2082 878 2187 926 apice
2213 879 2290 927 ipso

355 973 443 999 cum
471 959 539 993 hoc
568 954 833 996 cohaerentes,
888 964 933 986 ex
959 949 1085 985 trunci
1120 948 1285 993 corporis
1320 946 1553 981 membranis
1592 945 1756 979 externis
1791 944 1979 993 originem
2012 943 2186 988 trahunt,
2240 943 2291 979 ita

354 1037 441 1061 vero
483 1027 524 1055 ut
560 1025 715 1054 externa
745 1016 853 1061 hujus
895 1011 1122 1061 proboscidis
1162 1023 1304 1056 quoque
1342 1016 1539 1044 externam
1560 1008 1719 1053 faciat,
1773 1007 1882 1054 hujus
1917 1005 2081 1044 secunda
2116 1020 2161 1042 ex
2194 1006 2291 1042 illi'us

353 1083 513 1124 secunda
540 1092 702 1130 prapago
729 1078 790 1117 sit.
843 1077 1090 1112 Membranae
1119 1081 1297 1109 externae
1322 1071 1486 1106 firmiter
1512 1076 1637 1104 textae
1665 1078 1703 1105 et
1731 1084 1775 1105 ex
1802 1072 1877 1106 tela
1903 1072 2078 1107 cellulosa
2105 1071 2292 1107 formatae

350 1150 548 1197 inhaerent
575 1143 761 1193 est'hifssis
809 1136 939 1188 quibus
968 1139 1138 1175 maxima
1166 1135 1339 1185 analogia
1365 1147 1454 1170 cum
1480 1133 1665 1182 unguibus
1693 1133 1916 1168 animalium
1936 1142 2013 1178 est,
2049 1147 2292 1185 ‘quorumque

348 1199 448 1250 ortus
474 1217 554 1246 tam
582 1202 629 1244 ex³
646 1198 925 1254 *cartilaginum
951 1203 1121 1238 omnium
1145 1199 1375 1236 naturalium
1397 1205 1500 1241 ortu,
1528 1208 1641 1243 quam
1667 1196 1893 1244 praesertim
1910 1188 2292 1245 praeternaturalium

347 1276 529 1314 facillime
558 1270 799 1319 explicandus
827 1275 896 1308 est,
918 1268 965 1312 2),
1008 1267 1113 1303 Sicut
1140 1264 1243 1300 enim
1268 1274 1414 1312 ungues
1441 1261 1666 1313 animal-ium
1685 1262 1806 1296 solum
1833 1274 1877 1296 ex
1900 1261 2131 1309 epidermide
2158 1263 2293 1310 stipata

348 1343 583 1380 formantur,
611 1336 664 1371 sic
694 1342 729 1370 et
757 1333 878 1369 aculei
904 1329 1316 1379 Echinorhynchorum
1345 1339 1389 1361 ex
1416 1326 1496 1372 ipsa
1522 1324 1749 1360 membrana
1776 1325 1899 1371 prima
1926 1326 2065 1372 exorti,
2094 1339 2140 1361 ex
2166 1339 2292 1363 massa

348 1401 615 1451 cartilaginosa
643 1405 834 1434 costarum
847 1396 1023 1447 *piscium
1052 1393 1097 1429 ad
1121 1389 1240 1427 instar
1267 1397 1459 1434 constant,
1498 1396 1533 1423 et
1560 1388 1664 1431 duri,
1697 1388 1832 1437 rigidi,
1863 1388 1990 1433 solidi,
2018 1401 2136 1435 neque
2164 1390 2290 1436 ductu,

348 1480 466 1515 neque
494 1463 682 1500 foramine
709 1462 747 1497 in
775 1460 880 1508 apice
916 1457 1096 1506 perforati
1131 1454 1371 1501 microscopii
1403 1453 1502 1487 lente
1530 1451 1724 1497 adhibita,
1778 1452 1816 1487 in
1850 1452 1939 1487 vitri
1974 1452 2082 1487 modo
2117 1454 2291 1500 pellucidi

347 1536 540 1582 apparent.
574 1529 739 1564 :Verum
766 1522 919 1572 quidem
946 1522 1130 1557 echinum⁴
1153 1520 1275 1566 primo
1302 1517 1439 1553 iutuitu
1466 1515 1509 1551 ab
1536 1515 1700 1550 vitream
1729 1523 1906 1552 naturam
1934 1515 2089 1553 ductum
2120 1504 2290 1565 mentiri,

347 1609 441 1645 quae
468 1607 529 1630 res
556 1592 683 1631 forsan
709 1587 941 1625 Zederum
962 1587 997 1630 3)
1025 1598 1068 1620 eo
1096 1583 1270 1626 adduxit,
1320 1588 1359 1616 ut
1387 1580 1540 1616 echinos
1569 1579 1611 1614 ab
1641 1577 1753 1613 ductu
1781 1578 1987 1625 perforatos
2015 1594 2095 1617 esse
2124 1582 2290 1619 affirma-

347 1661 470 1704 verit,
510 1656 576 1694 sed
604 1653 818 1691 accuratius
846 1651 1057 1698 inspectus⁷
1101 1647 1283 1682 facillime
1310 1645 1463 1691 quisque
1491 1654 1572 1677 sese
1599 1654 1820 1689 persuasum
1848 1642 1997 1678 habebit
2023 1644 2154 1680 ductus
2181 1647 2290 1692 hujus

346 1724 492 1773 species
527 1733 572 1756 ex
606 1718 754 1754 mendis
789 1715 919 1764 opticis
954 1721 991 1750 et
1026 1711 1178 1761 quidem
1212 1723 1259 1746 ex
1292 1708 1429 1744 umbra
1471 1705 1877 1755 Schlagschatten
1919 1707 2047 1757 lingua
2082 1711 2286 1746 vernacula

347 1789 469 1833 dicta,
497 1783 601 1823 oriri.
628 1802 678 1823 ³-

498 1850 613 1884 Ham
623 1848 689 1883 uli
719 1858 818 1882 nunc
843 1843 955 1881 'modo
983 1842 1096 1887 dicti,
1130 1842 1169 1878 in
1196 1840 1369 1877 omnibus
1389 1835 1734 1883 Acanthocephalis
1761 1835 1910 1871 incurvi
1938 1843 1975 1872 et
2000 1844 2140 1874 teretes
2168 1840 2288 1886 apice—

346 1929 417 1965 que
445 1920 574 1957 acuto,
615 1909 874 1958 (solummodo
902 1906 1309 1954 Echinorhyncho
1345 1900 1659 1951 cylindraceo
1695 1899 1914 1935 Schrank
1940 1904 2109 1947 serrato)
2147 1910 2183 1938 et
2209 1902 2288 1939 basi

343 1980 519 2028 tringona
543 1978 580 2022 4)
600 1977 676 2011 =vel
711 1973 870 2010 rotunda
903 1972 1107 2014 instructi,
1159 1971 1211 2006 ita
1247 1967 1413 2015 dispositi
1445 1971 1557 2009 sunt,
1608 1971 1649 1999 ut
1682 1963 1896 2009 proboscide
1929 1972 2004 2001 tota
2042 1973 2209 2002 retracta
2244 1980 2288 2003 ac

343 2044 515 2085 inversa,
568 2052 637 2075 nec
666 2037 886 2085 complicari
916 2049 985 2072 nec
1013 2040 1052 2071 Se
1078 2035 1183 2083 tangi
1210 2032 1372 2081 possint,
1424 2029 1542 2065 series
1575 2027 1721 2063 scilieet
1746 2030 2017 2066 transversales
2051 2029 2090 2065 in
2126 2042 2165 2066 se
2193 2031 2287 2067 invi-

343 2119 431 2144 cem
459 2106 678 2152 plerumque
708 2114 824 2148 aequo
851 2100 960 2136 modo
989 2100 1167 2135 distantes
1194 2098 1382 2140 formant,
1432 2092 1673 2138 ordinemque
1700 2090 1920 2137 quincuncis
1947 2101 2114 2134 sermm,
2175 2096 2287 2132 Basin

344 2172 563 2211 aculeorum
590 2166 755 2203 nonnulli
783 2165 876 2201 clari
902 2164 995 2207 viri,
1046 2171 1086 2198 ut
1112 2163 1268 2198 Pallas
1291 2162 1324 2206 5)
1365 2166 1401 2194 et
1434 2157 1578 2192 Bloch
1598 2156 1632 2201 ⁶)
1667 2155 1882 2203 papillatam
1910 2169 1990 2193 esse
2017 2158 2289 2195 contenderunt

343 2236 382 2271 in
410 2235 507 2270 nullo
536 2239 664 2268 autem
692 2229 863 2265 omnibus
891 2227 1178 2264 accuratissime
1206 2224 1393 2273 indagatis
1421 2229 1529 2268 atque
1565 2219 1742 2266 'inspectis
1769 2220 1904 2266 papilla
1931 2220 2058 2266 obvia,
2103 2222 2167 2258 sed
2195 2236 2284 2259 cum

344 2300 562 2336 aculeorum
588 2295 687 2330 basis
715 2294 976 2330 nonnullorum
1007 2289 1419 2338 Echinorhynchorum
1447 2292 1488 2320 ut
1521 2284 1882 2329 macracanthi,
1936 2283 2165 2334 Gigantis
2200 2288 2286 2323 alio-

342 2375 501 2409 rumque
520 2387 532 2406 ,
587 2359 631 2395 ab
659 2366 744 2394 cute
771 2357 876 2405 quasi
903 2364 943 2391 ut
971 2355 1014 2391 ab
1041 2356 1138 2390 vallo
1173 2352 1433 2390 circumdetur
1467 2356 1503 2384 et
1529 2348 1720 2395 paululum
1754 2349 1898 2384 elevata
1924 2348 1972 2383 sit
1987 2376 1998 2393 ,
2053 2357 2090 2384 et
2114 2350 2212 2387 hanc
2241 2353 2283 2388 ob

343 2438 498 2463 causam
527 2423 648 2470 aculei
675 2423 756 2458 fere
785 2432 970 2458 cornuum
997 2431 1178 2467 pecorum
1206 2417 1251 2454 ad
1278 2417 1395 2452 instar
1422 2413 1582 2460 capitulo
1609 2425 1721 2459 parvo
1748 2411 1956 2457 insideant,
2006 2412 2076 2448 hoc
2104 2415 2282 2450 ultimum

342 2492 469 2527 forsan
496 2490 544 2528 cl.
576 2487 649 2522 viri
683 2499 749 2534 pro
785 2484 966 2533 papillulis
1000 2495 1181 2531 posuere,
1234 2492 1392 2528 quorum
1427 2483 1623 2526 praeterea
1654 2488 1765 2510 usum
1800 2475 1831 2510 si
1875 2484 2090 2522 praesentes
2133 2479 2284 2515 omnino

342 2556 494 2604 ignoro,
550 2563 638 2588 cum
666 2550 721 2585 uti
743 2551 822 2597 jam
849 2548 978 2584 monui
1012 2554 1145 2583 natura
1172 2546 1391 2582 aculeorum
1418 2541 1533 2578 solida
1565 2552 1683 2586 neque
1711 2539 1754 2574 ab
1784 2539 1895 2574 ductu
1922 2540 2111 2587 perforata
2140 2548 2208 2582 est,

492 2629 676 2666 Dissectis
714 2635 822 2674 atque
862 2625 1054 2673 explicatis
1088 2622 1352 2667 membranis,
1414 2631 1584 2666 corpus
1628 2617 1928 2666 proboscidis
1964 2618 2003 2654 in
2040 2628 2281 2668 conspectum

343 2696 482 2745 prodit,
537 2694 641 2739 cujus
668 2698 857 2726 structura
885 2689 1122 2733 duriuscula,
1174 2687 1300 2722 forma
1327 2691 1454 2720 autem
1481 2682 1587 2718 varia
1614 2687 1693 2727 est,
1743 2688 1779 2717 et
1802 2682 1954 2717 omnino
1982 2694 2112 2719 omnes
2139 2684 2281 2721 formas

429 2863 459 2899 ι)
502 2859 678 2889 Lamark
708 2856 812 2897 (syst.
837 2856 892 2886 des
920 2855 1018 2886 anim.
1043 2867 1068 2886 s.
1093 2853 1263 2884 vertebres.
1294 2852 1390 2881 Tom.
1405 2850 1486 2886 111.)
1516 2849 1611 2879 nullo
1642 2860 1748 2879 verme
1778 2856 1872 2888 caput
1903 2848 2109 2880 tribuendum
2132 2850 2278 2887 affirmat,

550 2927 622 2946 cum
649 2915 717 2944 illis
743 2912 891 2942 omnibus
914 2912 1079 2941 cerebrum
1102 2911 1151 2940 ve]
1175 2910 1268 2947 hujus
1292 2908 1462 2946 analogum
1485 2906 1616 2935 deesset.
1669 2905 1789 2935 Verum
1816 2917 1899 2936 nunc
1924 2905 2071 2944 quidem,
2117 2906 2154 2934 de
2177 2914 2279 2945 syste-

550 2979 634 3001 mate
654 2979 789 3000 nervoso
809 2970 842 2997 in
858 2979 953 3008 quani
971 2968 1109 2996 maxime
1124 2967 1262 2996 excultis
1281 2962 1512 2992 helm'imhibus
1529 2963 1634 2993 solum
1651 2964 1784 2992 minima
1806 2961 1937 3000 vestigia
1959 2961 2085 2995 adesse,
2109 2971 2179 2989 cum
2203 2972 2278 2991 vero

549 3036 658 3055 omnes
685 3036 738 3056 ore
759 3026 902 3065 —signo
930 3023 1182 3053 characteristico
1208 3019 1589 3060 animaliumvsecundum
1613 3018 1664 3047 ill.
1686 3018 1859 3047 Blumen
1872 3015 2011 3045 bachii
2039 3018 2278 3046 sententiam—

549 3086 704 3122 praednae
736 3089 827 3118 sunt,
873 3083 984 3111 nescio
1011 3091 1050 3109 an
1079 3079 1127 3108 his
1154 3076 1343 3106 animaculis
1368 3082 1458 3113 caput
1480 3075 1699 3115 denegandum
1726 3075 1775 3104 sit.

426 3166 459 3202 2)
501 3161 717 3198 Rudolphi
750 3160 922 3189 Entozool.
948 3157 1024 3189 Vol.
1045 3158 1067 3187 I.
1099 3167 1130 3195 p.
1149 3163 1219 3194 235.

427 3245 459 3280 2)
501 3242 608 3271 Erster
632 3238 788 3278 Nachtrag
820 3248 861 3266 zu
885 3237 1066 3268 Goeze’s
1099 3234 1232 3272 Naturg.
1256 3233 1286 3262 d.
1302 3232 1338 3263 E.
1357 3233 1406 3262 W.
1435 3240 1468 3268 p.
1486 3238 1554 3262 1¹20·

428 3323 458 3358 4)
502 3319 637 3350 Goeze
668 3317 798 3358 Naturg.
830 3326 862 3353 p.
884 3323 953 3354 145.

427 3401 457 3434 ς)
500 3397 582 3427 Νον.
607 3395 787 3426 comment.
811 3394 906 3424 Acad.
932 3392 1123 3430 Petropolit.
1154 3391 1232 3420 Vol.
1253 3389 1344 3420 XIX.
1367 3399 1398 3427 p.
1414 3391 1484 3426 453.

425 3477 458 3512 6)
499 3474 715 3515 Abhandlung
736 3483 799 3505 von
819 3474 876 3503 der
898 3474 1087 3513 Erzeugung
1110 3472 1165 3500 der
1187 3470 1328 3509 Eingew.
1352 3468 1499 3498 Wtirmer
1520 3472 1578 3497 etc.
1601 3463 1694 3503 p.260
