2520 4031
198 394 364 431 diversas
407 389 634 440 proboscidis
678 401 789 438 snpra
830 396 1066 427 memoratas
1106 386 1210 424 nobis
1246 385 1369 426 offert.
1431 381 1577 431 Corpus
1614 387 1868 433 proboscidis,
1922 387 2018 435 quod
2052 402 2145 427 vem

195 460 315 494 solum
343 457 382 492 in
416 456 621 502 majoribus
655 462 692 490 ct
723 452 941 501 proboscide
977 464 1118 501 magna
1155 450 1350 488 instructis
1377 447 1711 496 Echinorhynchis
1746 451 1941 501 indagavi,
1993 453 2052 502 (in
2086 454 2146 495 his

192 523 272 569 jam
300 519 417 568 quoad
443 519 746 569 magnitudinem
772 530 934 565 parvum
968 525 1005 553 et
1031 517 1212 566 exiguum
1240 516 1314 560 est)
1351 527 1396 549 ex
1428 511 1655 548 membrana
1692 513 2145 568 celluloso-cartilaginea

194 593 353 625 constat,
429 585 694 634 lntegumenta
730 582 951 619 communia
984 582 1068 616 laxe
1109 592 1242 627 corpus
1285 578 1527 616 circumdant
1561 578 1753 625 solumque
1789 578 1946 624 papillae
1980 584 2149 632 sugentis

196 663 261 698 ope
297 650 334 684 in
363 649 467 696 apice
504 655 607 684 arcte
643 660 732 684 cum
769 659 924 696 corpore
961 644 1188 689 cohaerent,
1241 643 1348 693 cujus
1381 642 1481 677 basis
1509 642 1693 688 explicata
1720 652 1809 677 cum
1837 641 1962 679 antica
1987 648 2150 697 vaginae

196 720 301 762 parte
342 715 555 760 conjuncta.

349 790 512 839 Corpore
540 803 607 837 per
633 789 803 826 mediam
836 786 1114 837 longitudinem
1149 787 1310 823 dissecto
1329 786 1388 831 1),
1441 786 1567 821 sulcus
1594 785 1874 821 minutissimus
1903 786 2084 824 ambabus
2110 791 2148 827 in

195 856 363 904 partibus
397 854 647 901 conspicuus,
701 852 764 900 qui
801 864 956 899 corpore
984 851 1132 901 integro
1167 851 1324 887 ductum
1357 850 1397 885 in
1431 849 1594 899 vaginae
1630 860 1769 884 cavum
1803 845 1973 892 hiantem
2007 851 2150 891 format

197 922 302 967 cujus
330 932 396 968 ope
422 930 559 955 succus
587 917 631 954 ab
657 917 794 964 papilla
820 916 976 952 haustus
1003 916 1043 952 in
1070 916 1252 966 vaginam
1280 914 1500 953 effunditur.
1560 913 1683 959 Hujus
1711 911 1844 948 ductus
1871 915 2016 962 orisque
2043 929 2152 964 prae-

195 984 358 1021 sentiam
394 983 622 1023 Treutler
646 982 682 1027 2)
722 980 876 1028 quidem
913 988 1027 1031 negat
1062 993 1152 1017 cum
1187 980 1257 1015 sibi
1292 980 1400 1015 illum
1443 978 1646 1014 observare
1682 989 1874 1029 nunquam
1910 979 2152 1030 contiguerit,

194 1061 237 1084 re
270 1061 362 1084 vera
396 1054 525 1083 autem
561 1045 692 1081 adesse
724 1052 807 1083 tam
844 1058 890 1080 ex
925 1044 1210 1081 dissectionibus
1247 1050 1284 1079 et
1320 1056 1366 1079 ex
1402 1042 1660 1077 observatione
1695 1054 1717 1078 a
1753 1053 1817 1077 me
1845 1049 1977 1091 capta,
2029 1052 2153 1084 setam

194 1111 495 1148 minutissimam
529 1111 727 1159 porcinam
766 1122 833 1157 per
871 1107 1132 1157 proboscidem
1175 1105 1491 1154 Echinorhynchi
1529 1095 1707 1154 Gigantis
1752 1118 1868 1153 usque
1910 1107 1951 1144 in
1992 1110 2153 1159 vaginae

195 1188 333 1213 cavum
376 1175 596 1211 immissam
634 1173 794 1219 videre,
848 1185 961 1220 quam
1002 1185 1048 1207 ex
1083 1170 1353 1218 experimentis
1392 1184 1412 1206 a
1447 1168 1605 1206 Goeze
1634 1169 1699 1214 3),
1760 1169 1917 1205 Zeder
1943 1173 1980 1217 4)
2027 1179 2065 1209 et
2105 1176 2155 1215 cl.

194 1239 435 1287 Rudolphi
472 1241 505 1284 5)
547 1239 692 1284 factis,
747 1238 809 1285 qui
843 1236 988 1272 vermis
1032 1248 1187 1282 corpore
1229 1247 1359 1282 presso
1400 1234 1582 1269 humores
1619 1245 1691 1268 non
1728 1233 1878 1280 solum,
1932 1235 1999 1270 sed
2033 1237 2151 1283 etiam

194 1305 303 1339 ovula
337 1317 405 1351 per
440 1302 701 1350 proboscidem
741 1302 889 1348 dejecta
931 1300 1208 1343 observavere,
1260 1304 1377 1344 patet,
1464 1297 1669 1335 Praeterea
1712 1297 1831 1333 etiam
1877 1311 1923 1334 ex
1958 1306 2151 1342 structura

160 1376 161 1381 ¹
193 1367 423 1415 proboscidis
450 1364 853 1414 Echinorhynchi
886 1362 1039 1399 Tubae
1067 1363 1216 1407 elucet,
1270 1361 1310 1397 in
1337 1361 1444 1408 cujus
1472 1360 1588 1402 ductu
1615 1373 1783 1411 organon
1810 1363 2153 1403 membranaceum

192 1432 357 1479 plicatile
373 1458 386 1477 ,
440 1431 552 1467 tubae
579 1432 755 1466 inversae
786 1429 956 1464 formam
984 1427 1055 1474 (ita
1080 1434 1122 1462 ut
1147 1425 1297 1462 tenuior
1323 1438 1411 1473 pars
1437 1424 1649 1473 proboscidi
1676 1426 1849 1473 proxima
1884 1427 1949 1474 sit)
1976 1429 2151 1467 referens

187 1497 312 1546 Jatet,
373 1495 539 1542 quodque
575 1494 732 1532 Goeze
761 1494 797 1538 6)
840 1491 1037 1540 aliquando
1073 1490 1446 1540 Echinorhynchum
1481 1502 1527 1524 ex
1563 1489 1701 1537 Strigis
1733 1488 1922 1526 Stridulae
1961 1478 2152 1531 intestinis

190 1561 358 1595 avellens
384 1560 531 1607 primus
559 1558 720 1602 detexit,
774 1564 973 1604 posteaque
1000 1556 1117 1592 etiam
1145 1567 1166 1591 a
1194 1556 1244 1596 cl.
1270 1553 1506 1601 Rudolphi
1532 1555 1568 1598 7)
1611 1559 1648 1588 et
1674 1552 1809 1602 inclyt.
1835 1555 2089 1592 Bremsero
2116 1559 2152 1602 8)

188 1624 234 1660 in
261 1624 424 1659 aliarum
452 1623 640 1671 Strigium
667 1621 1003 1670 Echinorhynchis
1030 1620 1273 1655 observatum
1300 1626 1370 1662 est,

345 1702 493 1738 Ductus
520 1701 584 1737 hic
628 1707 669 1735 ut
696 1699 733 1735 in
761 1698 924 1748 vaginae
951 1710 1090 1734 cavum
1116 1697 1221 1735 infra
1249 1704 1414 1745 spectat,
1463 1709 1575 1746 supra
1608 1709 1698 1733 cum
1731 1697 1906 1745 papilla
1940 1703 2154 1740 suctoria

195 1766 399 1811 cohaeret,
429 1778 542 1812 quam
569 1765 608 1809 in
637 1764 809 1800 omnibus
825 1762 1159 1811 Echinorhynchis
1188 1770 1342 1809 excepto
1370 1761 1480 1797 modo
1509 1761 1608 1797 dicto
1625 1761 1729 1797 'I'uba
1757 1760 1888 1801 adesse
1916 1764 2156 1802 certissimus

194 1843 300 1877 sum5
341 1830 412 1865 etsi
439 1829 543 1865 enim
570 1829 610 1864 in
631 1827 816 1863 nonnullis
843 1826 962 1873 quoad
988 1826 1294 1877 magnitudinem
1322 1826 1487 1874 corporis
1515 1825 1672 1861 minutis
1698 1832 1781 1862 tam
1809 1827 1946 1876 exigua
1973 1835 2011 1872 et
2035 1842 2155 1877 parva

196 1901 273 1939 est,
326 1901 368 1928 ut
401 1893 484 1928 fere
519 1900 596 1928 tota
631 1893 749 1928 etiam
777 1892 882 1927 oculo
910 1898 1058 1927 armato
1087 1891 1286 1940 aufugiat,
1338 1897 1469 1926 tamen
1502 1890 1543 1925 in
1569 1889 1750 1934 {omnibus
1784 1891 1992 1938 capitulum
2026 1894 2155 1939 media

193 1957 233 1995 in
258 1958 417 2004 papillae
449 1964 556 2005 parte
585 1957 806 2005 prominens
842 1955 1088 2004 conspicitur,
1140 1956 1341 2003 Papillulae
1369 1954 1480 2000 hujus
1506 1960 1699 1990 structura
1726 1955 1838 1995 haec.
1858 1958 1894 2002 9)

346 2049 569 2087 Proboscide
603 2050 647 2086 ab
681 2049 827 2086 vortice
862 2049 1032 2096 inspecta
1066 2048 1226 2083 annulus
1259 2045 1467 2082 tumidulus
1500 2046 1630 2082 obvius
1666 2046 1784 2082 finem
1821 2048 1956 2097 organi
1998 2049 2155 2087 suctorij.

193 2117 350 2162 sistens,
403 2117 444 2152 in
471 2115 577 2161 eujus
604 2114 731 2150 medio
758 2113 965 2161 capitulum
998 2124 1160 2161 parvum
1195 2118 1339 2156 exstat,
1392 2110 1436 2147 ab
1471 2124 1542 2158 quo
1575 2118 1617 2146 ut
1651 2111 1692 2147 in
1726 2111 1870 2148 circulo
1905 2111 2004 2148 radii
2039 2114 2156 2150 striae

194 2181 305 2217 modo
339 2179 547 2228 pellucidae
582 2185 620 2214 et
652 2179 756 2215 albae
792 2185 830 2214 et
862 2177 902 2214 in
934 2177 1052 2213 variis
1088 2176 1208 2224 quoad
1239 2188 1446 2212 numerum
1479 2175 1652 2212 diversae
1689 2175 1736 2211 ad
1772 2177 1954 2212 annulum
1981 2176 2155 2220 tendunt,

195 2244 358 2293 Capituli
384 2245 424 2280 in
449 2257 523 2279 uno
551 2245 716 2282 alterove
752 2243 876 2292 magis
911 2249 975 2278 aut
1009 2241 1135 2277 minus
1157 2230 1422 2289 ‘prominentis
1458 2240 1607 2288 apicem
1641 2252 1730 2276 mox
1763 2247 2013 2287 excavatum,
2066 2250 2177 2278 mox·

194 2317 414 2346 truncatum
441 2315 479 2344 et
505 2309 681 2356 planum,
730 2299 819 2343 moi(
852 2307 1095 2355 sphaericum
1130 2306 1282 2352 inveni,
1335 2304 1401 2342 sed
1436 2317 1568 2341 omnes
1601 2304 1730 2341 medja
1762 2305 1802 2341 in
1833 2312 1940 2353 parte
1970 2313 2156 2355 punctum

192 2373 398 2410 rotundum
433 2380 470 2408 et
502 2373 734 2421 insculptum
769 2371 994 2417 exhibuere,
1047 2370 1143 2418 quod
1176 2363 1280 2407 certe
1317 2369 1506 2406 orificium
1536 2377 1617 2415 est,
1671 2371 1777 2417 cujus
1805 2383 1872 2419 ope
1899 2371 2036 2419 papilla
2063 2383 2155 2407 cum

194 2439 361 2486 corporis
387 2437 622 2485 proboscidei
649 2427 763 2474 ductu
790 2437 983 2476 cohaeret,
1040 2435 1162 2472 Str-ias
1189 2435 1379 2482 illasjam
1414 2447 1435 2470 a
1458 2434 1656 2470 Blochio
1689 2435 1743 2480 ¹0)
1776 2435 1817 2471 in
1839 2435 2155 2484 Echinorhynchi

195 2502 372 2552 Gigantis
407 2501 625 2549 proboscide
659 2502 877 2539 observatas
916 2513 1010 2537 vasa
1044 2490 1281 2536 absorbentia
1314 2499 1460 2545 habeo,
1513 2511 1603 2535 cum
1639 2506 1676 2535 et
1702 2499 2018 2548 Echinorhynchi
2052 2500 2154 2548 poly-

190 2566 347 2614 :morphi
372 2566 509 2613 papilla
536 2565 669 2602 eodem
695 2567 777 2603 fere
806 2566 916 2602 modo
944 2566 992 2601 sit
1019 2570 1212 2601 exstructa
1238 2570 1275 2599 et
1302 2563 1341 2599 in
1367 2563 1428 2599 his
1454 2563 1636 2599 striarum
1664 2571 1800 2600 natura
1825 2565 2047 2610 vasculosa,
2110 2563 2154 2599 ob

196 2643 326 2667 ramos
351 2630 529 2666 abeuntes
553 2638 743 2678 totamque
767 2632 910 2668 bullam
931 2635 1191 2679 perreptantes
1211 2634 1320 2664 extra
1343 2639 1456 2664 omne
1482 2627 1638 2664 dubium
1660 2628 1780 2677 posita
1802 2628 1902 2666 mihi
1923 2627 2089 2671 videtur,
2106 2647 2155 2655 --

284 2799 315 2834 1)
357 2796 442 2827 Tab.
460 2797 502 2826 II.
531 2797 582 2837 fig.
603 2805 651 2835 19.
680 2797 812 2828 exhibet
840 2798 1067 2837 proboscidem
1096 2797 1263 2827 dissectam
1288 2796 1559 2837 Echinorhynchi
1585 2795 1744 2835 Spirulae.

283 2877 315 2913 ε)
360 2874 524 2915 Quaedam
553 2877 592 2905 de
625 2875 973 2917 Echinorhynchorum
1006 2884 1131 2907 natura.
1161 2874 1364 2916 Lips01791·
1395 2886 1430 2915 Ρ.
1451 2885 1501 2910 ιο.

283 2955 317 2991 3)
360 2953 500 2994 Naturg.
531 2965 565 2993 p.
584 2956 657 2993 146.

283 3035 316 3070 4)
360 3032 542 3074 Anleitung
565 3044 622 3064 zur
640 3033 774 3075 Naturg.
792 3035 847 3065 der
863 3035 1008 3076 Eingew.
1026 3037 1185 3067 witi-mer.
1207 3033 1365 3075 Bamberg
1380 3039 1474 3073 1803.
1500 3042 1533 3072 Ρ.
1554 3038 1626 3074 143.

284 3113 317 3148 ς)
357 3111 382 3142 1.
400 3122 428 3142 c.
458 3121 581 3153 P·253·

283 3191 316 3226 6)
359 3190 492 3232 Natnrg.
514 3203 546 3231 p.
567 3201 635 3232 153.
665 3193 747 3225 Tab.
765 3193 825 3223 XI.
855 3193 908 3235 fig.
923 3199 1050 3230 8—-12-

283 3269 318 3307 7)
363 3268 534 3300 Entozool.
568 3270 641 3306 Vol.
664 3271 706 3301 Π.
738 3271 772 3301 Ρ.
791 3271 817 3302 Ι.
846 3282 880 3311 p.
899 3275 972 3312 276.

286 3347 318 3382 ε)
360 3345 483 3377 Notitia
508 3349 638 3379 collect.
669 3351 827 3378 vermium
847 3358 907 3381 etc.
936 3362 970 3391 p.
991 3351 1041 3382 26.
1092 3349 1170 3380 Ech.
1193 3349 1289 3379 Tnba
1312 3347 1424 3388 Strigis
1449 3346 1596 3377 Bubonis
1624 3352 1654 3375 et
1685 3354 1780 3383 supra
1806 3353 1841 3383 p.
1858 3351 1910 3382 23.
1946 3355 1995 3376 nr·
2015 3353 2064 3384 41.

283 3426 315 3462 9)
358 3425 382 3455 1.
404 3435 432 3462 ς.
462 3436 494 3463 p.
510 3427 562 3458 26.
594 3428 678 3458 Tab.
697 3427 774 3458 VH.
808 3427 861 3468 fig.
876 3438 909 3467 4.
929 3431 981 3458 ⁴.—
1036 3430 1166 3459 Zeder
1189 3427 1349 3466 'Nachtrag
1378 3436 1410 3463 p.
1425 3433 1495 3457 121.

266 3505 317 3542 10)
360 3504 512 3536 Tab.111.
536 3505 647 3546 fig.27.
691 3505 822 3544 Papilla
847 3508 988 3538 suctoria
1003 3504 1275 3546 *Echinorhynchi
1298 3503 1521 3534 macracmnhi,

1422 3559 1472 3587 12
