<?xml version="1.0" encoding="UTF-8"?>
<!DOCTYPE html PUBLIC "-//W3C//DTD XHTML 1.0 Transitional//EN"
    "http://www.w3.org/TR/xhtml1/DTD/xhtml1-transitional.dtd">
<html xmlns="http://www.w3.org/1999/xhtml" xml:lang="en" lang="en">
 <head>
  <title>
</title>
<meta http-equiv="Content-Type" content="text/html;charset=utf-8" />
  <meta name='ocr-system' content='tesseract 3.04.00' />
  <meta name='ocr-capabilities' content='ocr_page ocr_carea ocr_par ocr_line ocrx_word'/>
</head>
<body>
  <div class='ocr_page' id='page_1' title='image "./dehelminthibusac00west_0012.png"; bbox 0 0 2520 4031; ppageno 0'>
   <div class='ocr_carea' id='block_1_1' title="bbox 1036 293 1475 322">
    <p class='ocr_par' dir='ltr' id='par_1_1' title="bbox 1036 293 1475 322">
     <span class='ocr_line' id='line_1_1' title="bbox 1036 293 1475 322; baseline 0.005 -13"><span class='ocrx_word' id='word_1_1' title='bbox 1036 295 1145 316; x_wconf 43' lang='lat' dir='ltr'>-q</span> <span class='ocrx_word' id='word_1_2' title='bbox 1245 293 1268 322; x_wconf 83' lang='lat'>2</span> <span class='ocrx_word' id='word_1_3' title='bbox 1368 296 1475 314; x_wconf 49' lang='lat' dir='ltr'>b...-</span> 
     </span>
    </p>
   </div>
   <div class='ocr_carea' id='block_1_2' title="bbox 236 381 2281 2361">
    <p class='ocr_par' dir='ltr' id='par_1_2' title="bbox 296 381 2225 496">
     <span class='ocr_line' id='line_1_2' title="bbox 298 381 2225 435; baseline -0.001 -13"><span class='ocrx_word' id='word_1_4' title='bbox 298 388 448 433; x_wconf 82' lang='lat' dir='ltr'>illasque</span> <span class='ocrx_word' id='word_1_5' title='bbox 475 381 737 421; x_wconf 82' lang='lat' dir='ltr'><strong>subdividendo</strong></span> <span class='ocrx_word' id='word_1_6' title='bbox 753 409 766 429; x_wconf 91' lang='lat'>,</span> <span class='ocrx_word' id='word_1_7' title='bbox 816 382 967 419; x_wconf 74' lang='lat' dir='ltr'>&#39;diversa</span> <span class='ocrx_word' id='word_1_8' title='bbox 999 382 1135 418; x_wconf 80' lang='lat' dir='ltr'>itinera</span> <span class='ocrx_word' id='word_1_9' title='bbox 1171 389 1256 418; x_wconf 87' lang='lat' dir='ltr'>sunt</span> <span class='ocrx_word' id='word_1_10' title='bbox 1289 382 1479 433; x_wconf 77' lang='lat' dir='ltr'>ingressi,</span> <span class='ocrx_word' id='word_1_11' title='bbox 1533 391 1573 418; x_wconf 82' lang='lat' dir='ltr'>ut</span> <span class='ocrx_word' id='word_1_12' title='bbox 1599 383 1751 432; x_wconf 84' lang='lat' dir='ltr'>quisque</span> <span class='ocrx_word' id='word_1_13' title='bbox 1778 384 1881 421; x_wconf 77' lang='lat' dir='ltr'>facili</span> <span class='ocrx_word' id='word_1_14' title='bbox 1908 386 2055 435; x_wconf 78' lang='lat' dir='ltr'>negotio</span> <span class='ocrx_word' id='word_1_15' title='bbox 2081 385 2151 421; x_wconf 86' lang='lat' dir='ltr'>hoc</span> <span class='ocrx_word' id='word_1_16' title='bbox 2180 397 2225 420; x_wconf 82' lang='lat' dir='ltr'>ex</span> 
     </span>
     <span class='ocr_line' id='line_1_3' title="bbox 296 454 780 496; baseline -0.01 -10"><span class='ocrx_word' id='word_1_17' title='bbox 296 463 454 486; x_wconf 86' lang='lat' dir='ltr'>recensu</span> <span class='ocrx_word' id='word_1_18' title='bbox 486 456 611 496; x_wconf 84' lang='lat' dir='ltr'>petere</span> <span class='ocrx_word' id='word_1_19' title='bbox 647 454 780 495; x_wconf 72' lang='lat' dir='ltr'>potest.</span> 
     </span>
    </p>

    <p class='ocr_par' dir='ltr' id='par_1_3' title="bbox 236 510 2223 1461">
     <span class='ocr_line' id='line_1_4' title="bbox 443 510 2222 562; baseline 0.002 -17"><span class='ocrx_word' id='word_1_20' title='bbox 443 510 501 551; x_wconf 70' lang='lat' dir='ltr'>Cl,</span> <span class='ocrx_word' id='word_1_21' title='bbox 528 511 756 546; x_wconf 81' lang='lat' dir='ltr'>Miillerus</span> <span class='ocrx_word' id='word_1_22' title='bbox 775 513 828 556; x_wconf 69' lang='lat'>12)</span> <span class='ocrx_word' id='word_1_23' title='bbox 857 519 892 546; x_wconf 82' lang='lat' dir='ltr'>et</span> <span class='ocrx_word' id='word_1_24' title='bbox 918 512 1130 546; x_wconf 91' lang='lat' dir='ltr'>Linneus</span> <span class='ocrx_word' id='word_1_25' title='bbox 1153 512 1202 554; x_wconf 79' lang='grc' dir='ltr'>ι3)</span> <span class='ocrx_word' id='word_1_26' title='bbox 1229 510 1268 545; x_wconf 90' lang='lat' dir='ltr'>in</span> <span class='ocrx_word' id='word_1_27' title='bbox 1295 510 1559 546; x_wconf 75' lang='lat' dir='ltr'>enumerandis</span> <span class='ocrx_word' id='word_1_28' title='bbox 1593 512 1749 561; x_wconf 81' lang='lat' dir='ltr'>singulis</span> <span class='ocrx_word' id='word_1_29' title='bbox 1777 511 2106 562; x_wconf 86' lang='lat' dir='ltr'>Echinorhynchis</span> <span class='ocrx_word' id='word_1_30' title='bbox 2134 514 2222 561; x_wconf 90' lang='lat' dir='ltr'>ipsis</span> 
     </span>
     <span class='ocr_line' id='line_1_5' title="bbox 236 574 2223 625; baseline 0.001 -14"><span class='ocrx_word' id='word_1_31' title='bbox 236 613 244 619; x_wconf 62' lang='grc'>,</span> <span class='ocrx_word' id='word_1_32' title='bbox 293 578 370 623; x_wconf 84' lang='lat' dir='ltr'>jam</span> <span class='ocrx_word' id='word_1_33' title='bbox 398 574 512 619; x_wconf 86' lang='lat' dir='ltr'>notis,</span> <span class='ocrx_word' id='word_1_34' title='bbox 557 574 727 610; x_wconf 82' lang='lat' dir='ltr'>ordinem</span> <span class='ocrx_word' id='word_1_35' title='bbox 756 574 977 610; x_wconf 82' lang='lat' dir='ltr'>animalium</span> <span class='ocrx_word' id='word_1_36' title='bbox 1005 587 1049 609; x_wconf 82' lang='lat' dir='ltr'>ex</span> <span class='ocrx_word' id='word_1_37' title='bbox 1077 587 1234 621; x_wconf 87' lang='lat' dir='ltr'>quorum</span> <span class='ocrx_word' id='word_1_38' title='bbox 1261 574 1445 610; x_wconf 82' lang='lat' dir='ltr'>intestinis</span> <span class='ocrx_word' id='word_1_39' title='bbox 1472 577 1647 625; x_wconf 76' lang='lat' dir='ltr'>leguntur</span> <span class='ocrx_word' id='word_1_40' title='bbox 1673 581 1907 619; x_wconf 78' lang='lat' dir='ltr'>servavere,‘</span> <span class='ocrx_word' id='word_1_41' title='bbox 1947 584 1983 611; x_wconf 88' lang='lat' dir='ltr'>et</span> <span class='ocrx_word' id='word_1_42' title='bbox 2008 578 2073 614; x_wconf 88' lang='lat' dir='ltr'>hic</span> <span class='ocrx_word' id='word_1_43' title='bbox 2098 578 2223 613; x_wconf 87' lang='lat' dir='ltr'>defini-</span> 
     </span>
     <span class='ocr_line' id='line_1_6' title="bbox 293 638 2223 688; baseline 0.001 -13"><span class='ocrx_word' id='word_1_44' title='bbox 293 640 433 675; x_wconf 81' lang='lat' dir='ltr'>tionem</span> <span class='ocrx_word' id='word_1_45' title='bbox 460 639 679 687; x_wconf 79' lang='lat' dir='ltr'>genericam</span> <span class='ocrx_word' id='word_1_46' title='bbox 706 638 760 673; x_wconf 87' lang='lat' dir='ltr'>sic</span> <span class='ocrx_word' id='word_1_47' title='bbox 793 638 979 676; x_wconf 74' lang='lat' dir='ltr'>exhibuit:</span> <span class='ocrx_word' id='word_1_48' title='bbox 1040 643 1195 674; x_wconf 81' lang='lat' dir='ltr'>Vermes</span> <span class='ocrx_word' id='word_1_49' title='bbox 1221 653 1376 687; x_wconf 83' lang='lat' dir='ltr'>corpore</span> <span class='ocrx_word' id='word_1_50' title='bbox 1402 643 1528 684; x_wconf 71' lang='lat' dir='ltr'>tereti,</span> <span class='ocrx_word' id='word_1_51' title='bbox 1580 641 1801 688; x_wconf 80' lang='lat' dir='ltr'>proboscide</span> <span class='ocrx_word' id='word_1_52' title='bbox 1827 644 2010 677; x_wconf 74' lang='lat' dir='ltr'>retractili</span> <span class='ocrx_word' id='word_1_53' title='bbox 2037 644 2223 680; x_wconf 74' lang='lat' dir='ltr'>echinata.</span> 
     </span>
     <span class='ocr_line' id='line_1_7' title="bbox 291 700 2221 755; baseline 0.003 -18"><span class='ocrx_word' id='word_1_54' title='bbox 291 702 401 750; x_wconf 88' lang='lat' dir='ltr'><strong>Apud</strong></span> <span class='ocrx_word' id='word_1_55' title='bbox 435 701 592 739; x_wconf 86' lang='lat' dir='ltr'>Goeze</span> <span class='ocrx_word' id='word_1_56' title='bbox 619 702 669 745; x_wconf 82' lang='lat'>¹4)</span> <span class='ocrx_word' id='word_1_57' title='bbox 713 700 1047 749; x_wconf 79' lang='lat' dir='ltr'>Acanthocephala</span> <span class='ocrx_word' id='word_1_58' title='bbox 1081 704 1284 750; x_wconf 79' lang='lat' dir='ltr'>septimam</span> <span class='ocrx_word' id='word_1_59' title='bbox 1326 704 1487 742; x_wconf 88' lang='lat' dir='ltr'>condunt</span> <span class='ocrx_word' id='word_1_60' title='bbox 1524 705 1713 741; x_wconf 87' lang='lat' dir='ltr'>familiam</span> <span class='ocrx_word' id='word_1_61' title='bbox 1746 714 1783 741; x_wconf 89' lang='lat' dir='ltr'>et</span> <span class='ocrx_word' id='word_1_62' title='bbox 1816 706 1923 755; x_wconf 82' lang='lat' dir='ltr'>signa</span> <span class='ocrx_word' id='word_1_63' title='bbox 1957 708 2134 755; x_wconf 77' lang='lat' dir='ltr'>generica</span> <span class='ocrx_word' id='word_1_64' title='bbox 2168 708 2221 742; x_wconf 85' lang='lat' dir='ltr'>sic</span> 
     </span>
     <span class='ocr_line' id='line_1_8' title="bbox 290 766 2222 818; baseline 0.001 -14"><span class='ocrx_word' id='word_1_65' title='bbox 290 766 503 816; x_wconf 80' lang='lat' dir='ltr'>proferens:</span> <span class='ocrx_word' id='word_1_66' title='bbox 548 769 701 802; x_wconf 83' lang='lat' dir='ltr'>Vermes</span> <span class='ocrx_word' id='word_1_67' title='bbox 728 779 882 813; x_wconf 79' lang='lat' dir='ltr'>corpore</span> <span class='ocrx_word' id='word_1_68' title='bbox 909 767 1142 811; x_wconf 70' lang='lat' dir='ltr'>duriuscule,</span> <span class='ocrx_word' id='word_1_69' title='bbox 1185 771 1412 818; x_wconf 54' lang='lat' dir='ltr'>cylindris-0,</span> <span class='ocrx_word' id='word_1_70' title='bbox 1455 772 1561 817; x_wconf 82' lang='lat' dir='ltr'>apice</span> <span class='ocrx_word' id='word_1_71' title='bbox 1587 772 1770 806; x_wconf 75' lang='lat' dir='ltr'>anteriori</span> <span class='ocrx_word' id='word_1_72' title='bbox 1796 772 2014 818; x_wconf 82' lang='lat' dir='ltr'>proboscide</span> <span class='ocrx_word' id='word_1_73' title='bbox 2041 774 2222 807; x_wconf 75' lang='lat' dir='ltr'>retraccili</span> 
     </span>
     <span class='ocr_line' id='line_1_9' title="bbox 291 831 2223 882; baseline 0.001 -13"><span class='ocrx_word' id='word_1_74' title='bbox 291 834 463 870; x_wconf 78' lang='lat' dir='ltr'>echinata</span> <span class='ocrx_word' id='word_1_75' title='bbox 492 833 683 876; x_wconf 77' lang='lat' dir='ltr'>instructi,</span> <span class='ocrx_word' id='word_1_76' title='bbox 733 831 813 867; x_wconf 89' lang='lat' dir='ltr'>illos</span> <span class='ocrx_word' id='word_1_77' title='bbox 842 831 1027 867; x_wconf 79' lang='lat' dir='ltr'>distribuit</span> <span class='ocrx_word' id='word_1_78' title='bbox 1054 833 1093 868; x_wconf 90' lang='lat' dir='ltr'>in</span> <span class='ocrx_word' id='word_1_79' title='bbox 1121 834 1150 874; x_wconf 83' lang='grc' dir='ltr'>Ι,</span> <span class='ocrx_word' id='word_1_80' title='bbox 1168 835 1263 873; x_wconf 80' lang='grc' dir='ltr'>Εο11,</span> <span class='ocrx_word' id='word_1_81' title='bbox 1291 833 1504 881; x_wconf 83' lang='lat' dir='ltr'>proboscide</span> <span class='ocrx_word' id='word_1_82' title='bbox 1532 834 1695 882; x_wconf 88' lang='lat' dir='ltr'>simplici</span> <span class='ocrx_word' id='word_1_83' title='bbox 1730 842 1766 869; x_wconf 85' lang='lat' dir='ltr'>et</span> <span class='ocrx_word' id='word_1_84' title='bbox 1792 835 1840 874; x_wconf 75' lang='grc' dir='ltr'>ΙΙ,</span> <span class='ocrx_word' id='word_1_85' title='bbox 1861 836 1964 882; x_wconf 71' lang='lat' dir='ltr'>prob,</span> <span class='ocrx_word' id='word_1_86' title='bbox 1991 835 2223 882; x_wconf 72' lang='lat' dir='ltr'>quadruplici</span> 
     </span>
     <span class='ocr_line' id='line_1_10' title="bbox 290 891 2220 947; baseline -0.001 -13"><span class='ocrx_word' id='word_1_87' title='bbox 290 898 543 947; x_wconf 78' lang='lat' dir='ltr'>perechinata.</span> <span class='ocrx_word' id='word_1_88' title='bbox 608 897 690 932; x_wconf 84' lang='lat' dir='ltr'>Hac</span> <span class='ocrx_word' id='word_1_89' title='bbox 726 897 765 932; x_wconf 87' lang='lat' dir='ltr'>in</span> <span class='ocrx_word' id='word_1_90' title='bbox 799 891 961 933; x_wconf 79' lang='lat' dir='ltr'>secunda</span> <span class='ocrx_word' id='word_1_91' title='bbox 995 899 1159 934; x_wconf 86' lang='lat' dir='ltr'>sectione</span> <span class='ocrx_word' id='word_1_92' title='bbox 1194 898 1588 945; x_wconf 80' lang='lat' dir='ltr'>Tetrarhynehos</span> <span class='ocrx_word' id='word_1_93' title='bbox 1627 897 1798 942; x_wconf 85' lang='lat' dir='ltr'>adduxit,</span> <span class='ocrx_word' id='word_1_94' title='bbox 1853 898 1933 934; x_wconf 89' lang='lat' dir='ltr'>illos</span> <span class='ocrx_word' id='word_1_95' title='bbox 1960 911 2049 934; x_wconf 90' lang='lat' dir='ltr'>vero</span> <span class='ocrx_word' id='word_1_96' title='bbox 2077 898 2220 946; x_wconf 55' lang='lat' dir='ltr'>divisim,</span> 
     </span>
     <span class='ocr_line' id='line_1_11' title="bbox 293 960 2222 1013; baseline 0.001 -16"><span class='ocrx_word' id='word_1_97' title='bbox 293 965 330 1008; x_wconf 88' lang='lat'>1)</span> <span class='ocrx_word' id='word_1_98' title='bbox 349 960 564 997; x_wconf 76' lang='lat' dir='ltr'>proboscide</span> <span class='ocrx_word' id='word_1_99' title='bbox 587 961 747 1008; x_wconf 86' lang='lat' dir='ltr'>undique</span> <span class='ocrx_word' id='word_1_100' title='bbox 776 969 938 1005; x_wconf 82' lang='lat' dir='ltr'>armata,</span> <span class='ocrx_word' id='word_1_101' title='bbox 969 963 1060 997; x_wconf 86' lang='lat' dir='ltr'>collo</span> <span class='ocrx_word' id='word_1_102' title='bbox 1084 963 1300 1007; x_wconf 82' lang='lat' dir='ltr'>deficiente,</span> <span class='ocrx_word' id='word_1_103' title='bbox 1337 963 1378 1006; x_wconf 88' lang='lat'>2)</span> <span class='ocrx_word' id='word_1_104' title='bbox 1397 961 1457 999; x_wconf 80' lang='lat' dir='ltr'>Pr.</span> <span class='ocrx_word' id='word_1_105' title='bbox 1479 961 1737 1006; x_wconf 85' lang='lat' dir='ltr'>subechinata,</span> <span class='ocrx_word' id='word_1_106' title='bbox 1765 963 1857 1013; x_wconf 82' lang='lat' dir='ltr'>collo</span> <span class='ocrx_word' id='word_1_107' title='bbox 1883 962 2074 1009; x_wconf 81' lang='lat' dir='ltr'>filiformi,</span> <span class='ocrx_word' id='word_1_108' title='bbox 2103 965 2143 1010; x_wconf 83' lang='lat'>3)</span> <span class='ocrx_word' id='word_1_109' title='bbox 2161 964 2222 1004; x_wconf 76' lang='lat' dir='ltr'>Pr,</span> 
     </span>
     <span class='ocr_line' id='line_1_12' title="bbox 290 1024 2222 1075; baseline 0.001 -14"><span class='ocrx_word' id='word_1_110' title='bbox 290 1033 326 1061; x_wconf 90' lang='lat' dir='ltr'>et</span> <span class='ocrx_word' id='word_1_111' title='bbox 343 1026 494 1060; x_wconf 80' lang='lat' dir='ltr'>thorace</span> <span class='ocrx_word' id='word_1_112' title='bbox 518 1024 677 1071; x_wconf 87' lang='lat' dir='ltr'>undique</span> <span class='ocrx_word' id='word_1_113' title='bbox 705 1025 909 1070; x_wconf 72' lang='lat' dir='ltr'>echinatis3</span> <span class='ocrx_word' id='word_1_114' title='bbox 937 1027 1028 1060; x_wconf 93' lang='lat' dir='ltr'>collo</span> <span class='ocrx_word' id='word_1_115' title='bbox 1047 1027 1156 1075; x_wconf 81' lang='lat' dir='ltr'>longo</span> <span class='ocrx_word' id='word_1_116' title='bbox 1176 1027 1274 1062; x_wconf 83' lang='lat' dir='ltr'>laevi</span> <span class='ocrx_word' id='word_1_117' title='bbox 1290 1024 1532 1064; x_wconf 80' lang='lat' dir='ltr'>intermedio.</span> <span class='ocrx_word' id='word_1_118' title='bbox 1583 1026 1734 1062; x_wconf 87' lang='lat' dir='ltr'>Zeder</span> <span class='ocrx_word' id='word_1_119' title='bbox 1756 1029 1808 1072; x_wconf 85' lang='lat'>¹5)</span> <span class='ocrx_word' id='word_1_120' title='bbox 1837 1027 2065 1063; x_wconf 83' lang='lat' dir='ltr'>helminthes</span> <span class='ocrx_word' id='word_1_121' title='bbox 2092 1039 2222 1062; x_wconf 90' lang='lat' dir='ltr'>omnes</span> 
     </span>
     <span class='ocr_line' id='line_1_13' title="bbox 288 1088 2222 1140; baseline 0.002 -16"><span class='ocrx_word' id='word_1_122' title='bbox 288 1090 395 1138; x_wconf 78' lang='lat' dir='ltr'>apice.</span> <span class='ocrx_word' id='word_1_123' title='bbox 417 1088 540 1123; x_wconf 83' lang='lat' dir='ltr'>antico</span> <span class='ocrx_word' id='word_1_124' title='bbox 566 1088 761 1123; x_wconf 81' lang='lat' dir='ltr'>uncinatas</span> <span class='ocrx_word' id='word_1_125' title='bbox 788 1088 827 1123; x_wconf 93' lang='lat' dir='ltr'>in</span> <span class='ocrx_word' id='word_1_126' title='bbox 855 1088 1060 1125; x_wconf 82' lang='lat' dir='ltr'>secundam</span> <span class='ocrx_word' id='word_1_127' title='bbox 1089 1090 1250 1127; x_wconf 80' lang='lat' dir='ltr'>classem</span> <span class='ocrx_word' id='word_1_128' title='bbox 1276 1090 1375 1125; x_wconf 85' lang='lat' dir='ltr'>inter</span> <span class='ocrx_word' id='word_1_129' title='bbox 1394 1102 1545 1125; x_wconf 85' lang='lat' dir='ltr'>vermes</span> <span class='ocrx_word' id='word_1_130' title='bbox 1566 1091 1762 1126; x_wconf 85' lang='lat' dir='ltr'>uncinatos</span> <span class='ocrx_word' id='word_1_131' title='bbox 1789 1092 1935 1128; x_wconf 84' lang='lat' dir='ltr'>seilicet</span> <span class='ocrx_word' id='word_1_132' title='bbox 1959 1093 2099 1140; x_wconf 83' lang='lat' dir='ltr'>posuit,</span> <span class='ocrx_word' id='word_1_133' title='bbox 2126 1092 2222 1128; x_wconf 84' lang='lat' dir='ltr'>illas-</span> 
     </span>
     <span class='ocr_line' id='line_1_14' title="bbox 287 1153 2222 1203; baseline 0.003 -16"><span class='ocrx_word' id='word_1_134' title='bbox 287 1166 353 1202; x_wconf 81' lang='lat' dir='ltr'>que</span> <span class='ocrx_word' id='word_1_135' title='bbox 381 1165 540 1200; x_wconf 81' lang='lat' dir='ltr'>quarum</span> <span class='ocrx_word' id='word_1_136' title='bbox 577 1166 668 1201; x_wconf 78' lang='lat' dir='ltr'>apex</span> <span class='ocrx_word' id='word_1_137' title='bbox 703 1153 766 1189; x_wconf 87' lang='lat' dir='ltr'>hic</span> <span class='ocrx_word' id='word_1_138' title='bbox 801 1155 1004 1190; x_wconf 81' lang='lat' dir='ltr'>retractilis</span> <span class='ocrx_word' id='word_1_139' title='bbox 1038 1155 1498 1203; x_wconf 84' lang='lat' dir='ltr'>Echinorhynchos,</span> <span class='ocrx_word' id='word_1_140' title='bbox 1550 1167 1710 1202; x_wconf 84' lang='lat' dir='ltr'>quarum</span> <span class='ocrx_word' id='word_1_141' title='bbox 1736 1168 1827 1191; x_wconf 87' lang='lat' dir='ltr'>vero</span> <span class='ocrx_word' id='word_1_142' title='bbox 1853 1156 1947 1192; x_wconf 85' lang='lat' dir='ltr'>fixus</span> <span class='ocrx_word' id='word_1_143' title='bbox 1973 1158 2222 1192; x_wconf 88' lang='lat' dir='ltr'>Haerucas</span> 
     </span>
     <span class='ocr_line' id='line_1_15' title="bbox 283 1217 2222 1273; baseline 0.004 -22"><span class='ocrx_word' id='word_1_144' title='bbox 283 1217 554 1256; x_wconf 73' lang='lat' dir='ltr'>denominavit.</span> <span class='ocrx_word' id='word_1_145' title='bbox 620 1217 789 1253; x_wconf 77' lang='lat' dir='ltr'>Primam</span> <span class='ocrx_word' id='word_1_146' title='bbox 824 1231 921 1254; x_wconf 83' lang='lat' dir='ltr'>nunc</span> <span class='ocrx_word' id='word_1_147' title='bbox 956 1219 1145 1255; x_wconf 82' lang='lat' dir='ltr'>familiam</span> <span class='ocrx_word' id='word_1_148' title='bbox 1181 1221 1253 1256; x_wconf 90' lang='lat' dir='ltr'>hac</span> <span class='ocrx_word' id='word_1_149' title='bbox 1286 1221 1324 1256; x_wconf 90' lang='lat' dir='ltr'>in</span> <span class='ocrx_word' id='word_1_150' title='bbox 1359 1221 1487 1257; x_wconf 87' lang='lat' dir='ltr'>ordine</span> <span class='ocrx_word' id='word_1_151' title='bbox 1514 1222 1827 1273; x_wconf 84' lang='lat' dir='ltr'>Echinorhynchi</span> <span class='ocrx_word' id='word_1_152' title='bbox 1861 1236 1935 1259; x_wconf 78' lang='lat' dir='ltr'>una</span> <span class='ocrx_word' id='word_1_153' title='bbox 1972 1236 2061 1259; x_wconf 88' lang='lat' dir='ltr'>cum</span> <span class='ocrx_word' id='word_1_154' title='bbox 2095 1224 2222 1259; x_wconf 86' lang='lat' dir='ltr'>Tetra-</span> 
     </span>
     <span class='ocr_line' id='line_1_16' title="bbox 281 1280 2221 1334; baseline 0.003 -16"><span class='ocrx_word' id='word_1_155' title='bbox 281 1282 464 1331; x_wconf 85' lang='lat' dir='ltr'>rhynehis</span> <span class='ocrx_word' id='word_1_156' title='bbox 493 1280 673 1327; x_wconf 89' lang='lat' dir='ltr'>condunt,</span> <span class='ocrx_word' id='word_1_157' title='bbox 726 1282 879 1330; x_wconf 87' lang='lat' dir='ltr'>illosque</span> <span class='ocrx_word' id='word_1_158' title='bbox 915 1283 1040 1319; x_wconf 84' lang='lat' dir='ltr'>divisit</span> <span class='ocrx_word' id='word_1_159' title='bbox 1074 1285 1112 1320; x_wconf 91' lang='lat' dir='ltr'>in</span> <span class='ocrx_word' id='word_1_160' title='bbox 1148 1285 1178 1324; x_wconf 78' lang='grc' dir='ltr'>Ι.</span> <span class='ocrx_word' id='word_1_161' title='bbox 1204 1284 1423 1320; x_wconf 89' lang='lat' dir='ltr'>Proboscide</span> <span class='ocrx_word' id='word_1_162' title='bbox 1459 1285 1648 1333; x_wconf 86' lang='lat' dir='ltr'>simplici,</span> <span class='ocrx_word' id='word_1_163' title='bbox 1704 1288 1745 1332; x_wconf 91' lang='lat' dir='ltr'>a)</span> <span class='ocrx_word' id='word_1_164' title='bbox 1768 1299 1922 1334; x_wconf 86' lang='lat' dir='ltr'>corpore</span> <span class='ocrx_word' id='word_1_165' title='bbox 1959 1289 2082 1325; x_wconf 84' lang='lat' dir='ltr'>antico</span> <span class='ocrx_word' id='word_1_166' title='bbox 2107 1288 2221 1333; x_wconf 80' lang='lat' dir='ltr'>laevi,</span> 
     </span>
     <span class='ocr_line' id='line_1_17' title="bbox 282 1346 2221 1398; baseline 0.003 -17"><span class='ocrx_word' id='word_1_167' title='bbox 282 1354 314 1390; x_wconf 75' lang='grc' dir='ltr'>α)</span> <span class='ocrx_word' id='word_1_168' title='bbox 338 1347 429 1383; x_wconf 89' lang='grc'>00110</span> <span class='ocrx_word' id='word_1_169' title='bbox 456 1347 553 1380; x_wconf 83' lang='lat' dir='ltr'>nullo</span> <span class='ocrx_word' id='word_1_170' title='bbox 581 1347 640 1380; x_wconf 87' lang='lat' dir='ltr'>vel</span> <span class='ocrx_word' id='word_1_171' title='bbox 666 1346 840 1393; x_wconf 82' lang='lat' dir='ltr'>perbrevi</span> <span class='ocrx_word' id='word_1_172' title='bbox 879 1352 918 1389; x_wconf 83' lang='grc' dir='ltr'>β)</span> <span class='ocrx_word' id='word_1_173' title='bbox 941 1349 1032 1383; x_wconf 90' lang='grc'>00110</span> <span class='ocrx_word' id='word_1_174' title='bbox 1060 1350 1263 1398; x_wconf 76' lang='lat' dir='ltr'>perlongo,</span> <span class='ocrx_word' id='word_1_175' title='bbox 1316 1349 1356 1394; x_wconf 86' lang='lat' dir='ltr'>b)</span> <span class='ocrx_word' id='word_1_176' title='bbox 1384 1362 1538 1398; x_wconf 85' lang='lat' dir='ltr'>corpore</span> <span class='ocrx_word' id='word_1_177' title='bbox 1567 1358 1781 1387; x_wconf 81' lang='lat' dir='ltr'>antrorsum</span> <span class='ocrx_word' id='word_1_178' title='bbox 1811 1351 1998 1395; x_wconf 77' lang='lat' dir='ltr'>echinato,</span> <span class='ocrx_word' id='word_1_179' title='bbox 2066 1353 2115 1392; x_wconf 78' lang='grc' dir='ltr'>ΙΙ.</span> <span class='ocrx_word' id='word_1_180' title='bbox 2137 1353 2221 1387; x_wconf 88' lang='lat' dir='ltr'>Pro-</span> 
     </span>
     <span class='ocr_line' id='line_1_18' title="bbox 281 1410 715 1461; baseline 0 -15"><span class='ocrx_word' id='word_1_181' title='bbox 281 1411 429 1447; x_wconf 88' lang='lat' dir='ltr'>boscide</span> <span class='ocrx_word' id='word_1_182' title='bbox 465 1410 715 1461; x_wconf 77' lang='lat' dir='ltr'>quadruplici,</span> 
     </span>
    </p>

    <p class='ocr_par' dir='ltr' id='par_1_4' title="bbox 282 1474 2281 1851">
     <span class='ocr_line' id='line_1_19' title="bbox 429 1474 2221 1531; baseline 0.004 -22"><span class='ocrx_word' id='word_1_183' title='bbox 429 1474 492 1514; x_wconf 72' lang='lat' dir='ltr'>Cl,</span> <span class='ocrx_word' id='word_1_184' title='bbox 510 1474 745 1523; x_wconf 83' lang='lat' dir='ltr'>Rudolphi</span> <span class='ocrx_word' id='word_1_185' title='bbox 770 1475 821 1521; x_wconf 86' lang='lat'>16)</span> <span class='ocrx_word' id='word_1_186' title='bbox 854 1476 1013 1523; x_wconf 85' lang='lat' dir='ltr'>denique</span> <span class='ocrx_word' id='word_1_187' title='bbox 1046 1491 1198 1514; x_wconf 89' lang='lat' dir='ltr'>vermes</span> <span class='ocrx_word' id='word_1_188' title='bbox 1234 1479 1300 1514; x_wconf 82' lang='lat' dir='ltr'>hos</span> <span class='ocrx_word' id='word_1_189' title='bbox 1328 1480 1451 1526; x_wconf 82' lang='lat' dir='ltr'>primo</span> <span class='ocrx_word' id='word_1_190' title='bbox 1476 1493 1550 1516; x_wconf 89' lang='lat' dir='ltr'>una</span> <span class='ocrx_word' id='word_1_191' title='bbox 1578 1494 1667 1517; x_wconf 87' lang='lat' dir='ltr'>cum</span> <span class='ocrx_word' id='word_1_192' title='bbox 1695 1482 1996 1531; x_wconf 79' lang='lat' dir='ltr'>Tetrarhynchis</span> <span class='ocrx_word' id='word_1_193' title='bbox 2024 1483 2063 1519; x_wconf 86' lang='lat' dir='ltr'>in</span> <span class='ocrx_word' id='word_1_194' title='bbox 2090 1494 2221 1518; x_wconf 87' lang='lat' dir='ltr'>secun-</span> 
     </span>
     <span class='ocr_line' id='line_1_20' title="bbox 282 1539 2221 1588; baseline 0.003 -11"><span class='ocrx_word' id='word_1_195' title='bbox 282 1541 369 1577; x_wconf 83' lang='lat' dir='ltr'>dam</span> <span class='ocrx_word' id='word_1_196' title='bbox 397 1539 569 1576; x_wconf 80' lang='lat' dir='ltr'>ordinem</span> <span class='ocrx_word' id='word_1_197' title='bbox 596 1551 758 1586; x_wconf 80' lang='lat' dir='ltr'>ponenS,</span> <span class='ocrx_word' id='word_1_198' title='bbox 812 1547 938 1587; x_wconf 83' lang='lat' dir='ltr'>postea</span> <span class='ocrx_word' id='word_1_199' title='bbox 966 1540 1032 1576; x_wconf 88' lang='lat' dir='ltr'>hos</span> <span class='ocrx_word' id='word_1_200' title='bbox 1065 1542 1164 1578; x_wconf 87' lang='lat' dir='ltr'>inter</span> <span class='ocrx_word' id='word_1_201' title='bbox 1191 1541 1390 1579; x_wconf 83' lang='lat' dir='ltr'>Cestoidea</span> <span class='ocrx_word' id='word_1_202' title='bbox 1424 1544 1574 1588; x_wconf 85' lang='lat' dir='ltr'>retulit,</span> <span class='ocrx_word' id='word_1_203' title='bbox 1629 1546 1682 1581; x_wconf 77' lang='lat' dir='ltr'>ita</span> <span class='ocrx_word' id='word_1_204' title='bbox 1708 1553 1749 1580; x_wconf 87' lang='lat' dir='ltr'>ut</span> <span class='ocrx_word' id='word_1_205' title='bbox 1784 1559 1882 1583; x_wconf 88' lang='lat' dir='ltr'>nunc</span> <span class='ocrx_word' id='word_1_206' title='bbox 1917 1547 2005 1582; x_wconf 86' lang='lat' dir='ltr'>ordo</span> <span class='ocrx_word' id='word_1_207' title='bbox 2031 1546 2221 1582; x_wconf 87' lang='lat' dir='ltr'>Acantho-</span> 
     </span>
     <span class='ocr_line' id='line_1_21' title="bbox 283 1605 2281 1659; baseline 0.003 -18"><span class='ocrx_word' id='word_1_208' title='bbox 283 1605 524 1652; x_wconf 77' lang='lat' dir='ltr'>cephalorum</span> <span class='ocrx_word' id='word_1_209' title='bbox 552 1605 707 1640; x_wconf 86' lang='lat' dir='ltr'>unicum</span> <span class='ocrx_word' id='word_1_210' title='bbox 735 1605 856 1639; x_wconf 90' lang='lat' dir='ltr'>solum</span> <span class='ocrx_word' id='word_1_211' title='bbox 884 1605 1292 1655; x_wconf 83' lang='lat' dir='ltr'>Echinorhynchorum</span> <span class='ocrx_word' id='word_1_212' title='bbox 1321 1621 1438 1657; x_wconf 76' lang='lat' dir='ltr'>genus</span> <span class='ocrx_word' id='word_1_213' title='bbox 1467 1610 1732 1656; x_wconf 74' lang='lat' dir='ltr'>amplectatur.</span> <span class='ocrx_word' id='word_1_214' title='bbox 1792 1609 1967 1659; x_wconf 79' lang='lat' dir='ltr'>Singulas</span> <span class='ocrx_word' id='word_1_215' title='bbox 1994 1611 2136 1658; x_wconf 86' lang='lat' dir='ltr'>species</span> <span class='ocrx_word' id='word_1_216' title='bbox 2162 1611 2222 1650; x_wconf 78' lang='lat' dir='ltr'>vir</span> <span class='ocrx_word' id='word_1_217' title='bbox 2275 1609 2281 1613; x_wconf 61' lang='grc'><strong>“</strong></span> 
     </span>
     <span class='ocr_line' id='line_1_22' title="bbox 283 1664 2222 1719; baseline 0.001 -11"><span class='ocrx_word' id='word_1_218' title='bbox 283 1674 406 1708; x_wconf 85' lang='lat' dir='ltr'>clarus</span> <span class='ocrx_word' id='word_1_219' title='bbox 434 1673 488 1708; x_wconf 89' lang='lat' dir='ltr'>sic</span> <span class='ocrx_word' id='word_1_220' title='bbox 514 1672 553 1707; x_wconf 86' lang='lat' dir='ltr'>in</span> <span class='ocrx_word' id='word_1_221' title='bbox 585 1672 723 1707; x_wconf 79' lang='lat' dir='ltr'>classes</span> <span class='ocrx_word' id='word_1_222' title='bbox 751 1672 898 1710; x_wconf 79' lang='lat' dir='ltr'>retulit:</span> <span class='ocrx_word' id='word_1_223' title='bbox 951 1664 999 1711; x_wconf 74' lang='grc' dir='ltr'>Ᾱ,</span> <span class='ocrx_word' id='word_1_224' title='bbox 1027 1672 1122 1712; x_wconf 79' lang='lat' dir='ltr'>Ech.</span> <span class='ocrx_word' id='word_1_225' title='bbox 1153 1673 1245 1708; x_wconf 88' lang='lat' dir='ltr'>collo</span> <span class='ocrx_word' id='word_1_226' title='bbox 1273 1685 1499 1719; x_wconf 84' lang='lat' dir='ltr'>corporeque</span> <span class='ocrx_word' id='word_1_227' title='bbox 1526 1673 1757 1718; x_wconf 82' lang='lat' dir='ltr'>inermibus,</span> <span class='ocrx_word' id='word_1_228' title='bbox 1811 1675 1852 1719; x_wconf 91' lang='lat' dir='ltr'>a)</span> <span class='ocrx_word' id='word_1_229' title='bbox 1871 1671 1973 1709; x_wconf 92' lang='lat' dir='ltr'>Collo</span> <span class='ocrx_word' id='word_1_230' title='bbox 2000 1674 2222 1709; x_wconf 85' lang='lat' dir='ltr'>brevissimo</span> 
     </span>
     <span class='ocr_line' id='line_1_23' title="bbox 282 1736 2222 1787; baseline 0 -15"><span class='ocrx_word' id='word_1_231' title='bbox 282 1738 341 1772; x_wconf 86' lang='lat' dir='ltr'>vel</span> <span class='ocrx_word' id='word_1_232' title='bbox 370 1738 488 1782; x_wconf 87' lang='lat' dir='ltr'>nullo,</span> <span class='ocrx_word' id='word_1_233' title='bbox 534 1739 572 1783; x_wconf 75' lang='lat' dir='ltr'>a)</span> <span class='ocrx_word' id='word_1_234' title='bbox 599 1736 705 1776; x_wconf 80' lang='lat' dir='ltr'>Proh,</span> <span class='ocrx_word' id='word_1_235' title='bbox 733 1736 973 1786; x_wconf 76' lang='lat' dir='ltr'>subglobosa,</span> <span class='ocrx_word' id='word_1_236' title='bbox 1016 1739 1060 1781; x_wconf 86' lang='grc' dir='ltr'>β)</span> <span class='ocrx_word' id='word_1_237' title='bbox 1087 1737 1149 1775; x_wconf 74' lang='lat' dir='ltr'>Pr.</span> <span class='ocrx_word' id='word_1_238' title='bbox 1172 1737 1288 1782; x_wconf 83' lang='lat' dir='ltr'>ovali,</span> <span class='ocrx_word' id='word_1_239' title='bbox 1329 1737 1368 1782; x_wconf 74' lang='grc' dir='ltr'>Ιγ)</span> <span class='ocrx_word' id='word_1_240' title='bbox 1396 1737 1455 1775; x_wconf 81' lang='lat' dir='ltr'>Pr.</span> <span class='ocrx_word' id='word_1_241' title='bbox 1481 1737 1638 1787; x_wconf 80' lang='lat' dir='ltr'>oblonga</span> <span class='ocrx_word' id='word_1_242' title='bbox 1674 1737 1799 1773; x_wconf 80' lang='lat' dir='ltr'>medio</span> <span class='ocrx_word' id='word_1_243' title='bbox 1825 1738 2057 1784; x_wconf 87' lang='lat' dir='ltr'>incrassata,</span> <span class='ocrx_word' id='word_1_244' title='bbox 2103 1739 2137 1783; x_wconf 85' lang='grc' dir='ltr'>δ)</span> <span class='ocrx_word' id='word_1_245' title='bbox 2161 1738 2222 1777; x_wconf 73' lang='lat' dir='ltr'>Pr,</span> 
     </span>
     <span class='ocr_line' id='line_1_24' title="bbox 284 1800 2220 1851; baseline 0.002 -15"><span class='ocrx_word' id='word_1_246' title='bbox 284 1802 448 1847; x_wconf 84' lang='lat' dir='ltr'>clavata,</span> <span class='ocrx_word' id='word_1_247' title='bbox 476 1803 508 1848; x_wconf 82' lang='grc' dir='ltr'>ε)</span> <span class='ocrx_word' id='word_1_248' title='bbox 537 1802 596 1841; x_wconf 73' lang='lat' dir='ltr'>Pr,</span> <span class='ocrx_word' id='word_1_249' title='bbox 616 1801 771 1846; x_wconf 85' lang='lat' dir='ltr'>conica,</span> <span class='ocrx_word' id='word_1_250' title='bbox 800 1803 840 1848; x_wconf 70' lang='grc' dir='ltr'>ξ)</span> <span class='ocrx_word' id='word_1_251' title='bbox 868 1802 927 1841; x_wconf 74' lang='lat' dir='ltr'>Pr.</span> <span class='ocrx_word' id='word_1_252' title='bbox 945 1801 1170 1850; x_wconf 71' lang='lat' dir='ltr'>cylindrica.</span> <span class='ocrx_word' id='word_1_253' title='bbox 1217 1802 1258 1846; x_wconf 89' lang='lat' dir='ltr'>b)</span> <span class='ocrx_word' id='word_1_254' title='bbox 1284 1801 1538 1851; x_wconf 77' lang='lat' dir='ltr'>Longicolles.</span> <span class='ocrx_word' id='word_1_255' title='bbox 1592 1804 1634 1842; x_wconf 76' lang='lat' dir='ltr'>B.</span> <span class='ocrx_word' id='word_1_256' title='bbox 1662 1800 1765 1838; x_wconf 89' lang='lat' dir='ltr'>Collo</span> <span class='ocrx_word' id='word_1_257' title='bbox 1790 1805 2032 1851; x_wconf 86' lang='lat' dir='ltr'>vel·corpore</span> <span class='ocrx_word' id='word_1_258' title='bbox 2060 1811 2220 1846; x_wconf 72' lang='lat' dir='ltr'>armato,</span> 
     </span>
    </p>

    <p class='ocr_par' dir='ltr' id='par_1_5' title="bbox 283 1866 2222 2361">
     <span class='ocr_line' id='line_1_25' title="bbox 432 1866 2222 1916; baseline 0.002 -15"><span class='ocrx_word' id='word_1_259' title='bbox 432 1867 532 1912; x_wconf 81' lang='lat' dir='ltr'>Quae</span> <span class='ocrx_word' id='word_1_260' title='bbox 560 1866 769 1916; x_wconf 81' lang='lat' dir='ltr'>distributio</span> <span class='ocrx_word' id='word_1_261' title='bbox 797 1879 884 1902; x_wconf 87' lang='lat' dir='ltr'>sane</span> <span class='ocrx_word' id='word_1_262' title='bbox 912 1881 1002 1915; x_wconf 84' lang='lat' dir='ltr'>prae</span> <span class='ocrx_word' id='word_1_263' title='bbox 1029 1868 1181 1914; x_wconf 87' lang='lat' dir='ltr'>reliquis</span> <span class='ocrx_word' id='word_1_264' title='bbox 1210 1879 1230 1902; x_wconf 86' lang='lat' dir='ltr'>a</span> <span class='ocrx_word' id='word_1_265' title='bbox 1258 1868 1358 1902; x_wconf 89' lang='lat' dir='ltr'>claro</span> <span class='ocrx_word' id='word_1_266' title='bbox 1374 1866 1582 1903; x_wconf 86' lang='lat' dir='ltr'>Lamark</span> <span class='ocrx_word' id='word_1_267' title='bbox 1600 1869 1675 1914; x_wconf 87' lang='lat'>17),</span> <span class='ocrx_word' id='word_1_268' title='bbox 1714 1867 1843 1904; x_wconf 88' lang='lat' dir='ltr'>Oken</span> <span class='ocrx_word' id='word_1_269' title='bbox 1865 1870 1938 1914; x_wconf 88' lang='lat'>18),</span> <span class='ocrx_word' id='word_1_270' title='bbox 1975 1866 2153 1904; x_wconf 88' lang='lat' dir='ltr'>Cuvier</span> <span class='ocrx_word' id='word_1_271' title='bbox 2170 1872 2222 1915; x_wconf 88' lang='lat'>¹9)</span> 
     </span>
     <span class='ocr_line' id='line_1_26' title="bbox 284 1930 2221 1982; baseline 0.001 -15"><span class='ocrx_word' id='word_1_272' title='bbox 284 1939 319 1967; x_wconf 85' lang='lat' dir='ltr'>et</span> <span class='ocrx_word' id='word_1_273' title='bbox 355 1933 397 1967; x_wconf 85' lang='lat' dir='ltr'>ab</span> <span class='ocrx_word' id='word_1_274' title='bbox 437 1930 516 1966; x_wconf 87' lang='lat' dir='ltr'>Olf</span> <span class='ocrx_word' id='word_1_275' title='bbox 525 1945 599 1967; x_wconf 82' lang='lat' dir='ltr'>ers</span> <span class='ocrx_word' id='word_1_276' title='bbox 621 1933 674 1976; x_wconf 89' lang='lat'>20)</span> <span class='ocrx_word' id='word_1_277' title='bbox 709 1932 859 1979; x_wconf 85' lang='lat' dir='ltr'>prolatis</span> <span class='ocrx_word' id='word_1_278' title='bbox 895 1933 1036 1979; x_wconf 86' lang='lat' dir='ltr'>optima</span> <span class='ocrx_word' id='word_1_279' title='bbox 1077 1932 1201 1977; x_wconf 84' lang='lat' dir='ltr'>foret,</span> <span class='ocrx_word' id='word_1_280' title='bbox 1255 1931 1327 1966; x_wconf 87' lang='lat' dir='ltr'>nisi</span> <span class='ocrx_word' id='word_1_281' title='bbox 1354 1932 1520 1968; x_wconf 88' lang='lat' dir='ltr'>nonnulli</span> <span class='ocrx_word' id='word_1_282' title='bbox 1545 1933 1951 1982; x_wconf 84' lang='lat' dir='ltr'>Echinorhynchorum</span> <span class='ocrx_word' id='word_1_283' title='bbox 1985 1934 2088 1969; x_wconf 86' lang='lat' dir='ltr'>nobis</span> <span class='ocrx_word' id='word_1_284' title='bbox 2123 1935 2221 1970; x_wconf 87' lang='lat' dir='ltr'>obvii</span> 
     </span>
     <span class='ocr_line' id='line_1_27' title="bbox 283 1995 2221 2046; baseline 0.001 -14"><span class='ocrx_word' id='word_1_285' title='bbox 283 2004 427 2040; x_wconf 81' lang='lat' dir='ltr'>essent,</span> <span class='ocrx_word' id='word_1_286' title='bbox 471 1996 531 2043; x_wconf 88' lang='lat' dir='ltr'>qui</span> <span class='ocrx_word' id='word_1_287' title='bbox 559 1997 637 2031; x_wconf 84' lang='lat' dir='ltr'>vita</span> <span class='ocrx_word' id='word_1_288' title='bbox 663 1995 820 2031; x_wconf 81' lang='lat' dir='ltr'>durante</span> <span class='ocrx_word' id='word_1_289' title='bbox 849 2004 978 2031; x_wconf 83' lang='lat' dir='ltr'>notatu</span> <span class='ocrx_word' id='word_1_290' title='bbox 1004 1996 1235 2046; x_wconf 79' lang='lat' dir='ltr'>dignissimis</span> <span class='ocrx_word' id='word_1_291' title='bbox 1263 1996 1530 2032; x_wconf 88' lang='lat' dir='ltr'>mutationibus</span> <span class='ocrx_word' id='word_1_292' title='bbox 1557 1996 1745 2046; x_wconf 77' lang='lat' dir='ltr'>gaudent,</span> <span class='ocrx_word' id='word_1_293' title='bbox 1787 1997 1838 2032; x_wconf 84' lang='lat' dir='ltr'>ita</span> <span class='ocrx_word' id='word_1_294' title='bbox 1865 2004 1905 2032; x_wconf 85' lang='lat' dir='ltr'>ut</span> <span class='ocrx_word' id='word_1_295' title='bbox 1930 1998 2094 2044; x_wconf 84' lang='lat' dir='ltr'>juniores</span> <span class='ocrx_word' id='word_1_296' title='bbox 2121 1999 2221 2034; x_wconf 84' lang='lat' dir='ltr'>inter</span> 
     </span>
     <span class='ocr_line' id='line_1_28' title="bbox 284 2059 2218 2108; baseline 0.001 -13"><span class='ocrx_word' id='word_1_297' title='bbox 284 2067 469 2104; x_wconf 81' lang='lat' dir='ltr'>armatos,</span> <span class='ocrx_word' id='word_1_298' title='bbox 513 2059 675 2104; x_wconf 79' lang='lat' dir='ltr'>majores</span> <span class='ocrx_word' id='word_1_299' title='bbox 701 2059 800 2094; x_wconf 84' lang='lat' dir='ltr'>inter</span> <span class='ocrx_word' id='word_1_300' title='bbox 833 2060 959 2094; x_wconf 83' lang='lat' dir='ltr'>laeves</span> <span class='ocrx_word' id='word_1_301' title='bbox 986 2072 1030 2095; x_wconf 87' lang='lat' dir='ltr'>ac</span> <span class='ocrx_word' id='word_1_302' title='bbox 1058 2060 1273 2108; x_wconf 79' lang='lat' dir='ltr'>longicolles</span> <span class='ocrx_word' id='word_1_303' title='bbox 1299 2059 1493 2093; x_wconf 79' lang='lat' dir='ltr'>referendi</span> <span class='ocrx_word' id='word_1_304' title='bbox 1520 2061 1615 2104; x_wconf 88' lang='lat' dir='ltr'>sint,</span> <span class='ocrx_word' id='word_1_305' title='bbox 1658 2071 1729 2105; x_wconf 84' lang='lat' dir='ltr'>qua</span> <span class='ocrx_word' id='word_1_306' title='bbox 1757 2072 1801 2094; x_wconf 81' lang='lat' dir='ltr'>ex</span> <span class='ocrx_word' id='word_1_307' title='bbox 1828 2073 1869 2094; x_wconf 88' lang='lat' dir='ltr'>re</span> <span class='ocrx_word' id='word_1_308' title='bbox 1898 2060 2078 2097; x_wconf 82' lang='lat' dir='ltr'>adductus</span> <span class='ocrx_word' id='word_1_309' title='bbox 2105 2062 2218 2097; x_wconf 86' lang='lat' dir='ltr'>aliam</span> 
     </span>
     <span class='ocr_line' id='line_1_29' title="bbox 283 2111 2219 2174; baseline 0.001 -14"><span class='ocrx_word' id='word_1_310' title='bbox 283 2125 320 2160; x_wconf 84' lang='lat' dir='ltr'>in</span> <span class='ocrx_word' id='word_1_311' title='bbox 348 2124 419 2159; x_wconf 84' lang='lat' dir='ltr'>illis</span> <span class='ocrx_word' id='word_1_312' title='bbox 448 2122 713 2159; x_wconf 78' lang='lat' dir='ltr'>enumerandis</span> <span class='ocrx_word' id='word_1_313' title='bbox 741 2122 911 2158; x_wconf 85' lang='lat' dir='ltr'>ordinem</span> <span class='ocrx_word' id='word_1_314' title='bbox 947 2135 1100 2159; x_wconf 86' lang='lat' dir='ltr'>servare</span> <span class='ocrx_word' id='word_1_315' title='bbox 1136 2136 1246 2160; x_wconf 86' lang='lat' dir='ltr'>ausus</span> <span class='ocrx_word' id='word_1_316' title='bbox 1276 2111 1389 2169; x_wconf 86' lang='lat' dir='ltr'>sum,</span> <span class='ocrx_word' id='word_1_317' title='bbox 1444 2135 1556 2171; x_wconf 89' lang='lat' dir='ltr'>quam</span> <span class='ocrx_word' id='word_1_318' title='bbox 1582 2122 1631 2163; x_wconf 79' lang='lat' dir='ltr'>L,</span> <span class='ocrx_word' id='word_1_319' title='bbox 1655 2124 1697 2163; x_wconf 70' lang='grc' dir='ltr'>Β.</span> <span class='ocrx_word' id='word_1_320' title='bbox 1730 2124 1768 2159; x_wconf 91' lang='lat' dir='ltr'>in</span> <span class='ocrx_word' id='word_1_321' title='bbox 1792 2125 2017 2174; x_wconf 72' lang='lat' dir='ltr'>perlegendo</span> <span class='ocrx_word' id='word_1_322' title='bbox 2047 2128 2219 2173; x_wconf 86' lang='lat' dir='ltr'>opusculo</span> 
     </span>
     <span class='ocr_line' id='line_1_30' title="bbox 286 2188 2216 2237; baseline 0.001 -14"><span class='ocrx_word' id='word_1_323' title='bbox 286 2188 498 2234; x_wconf 62' lang='lat' dir='ltr'>invenient,</span> <span class='ocrx_word' id='word_1_324' title='bbox 539 2188 609 2224; x_wconf 86' lang='lat' dir='ltr'>hoc</span> <span class='ocrx_word' id='word_1_325' title='bbox 638 2188 759 2233; x_wconf 88' lang='lat' dir='ltr'>enim,</span> <span class='ocrx_word' id='word_1_326' title='bbox 795 2195 836 2223; x_wconf 89' lang='lat' dir='ltr'>ut</span> <span class='ocrx_word' id='word_1_327' title='bbox 863 2189 1062 2224; x_wconf 88' lang='lat' dir='ltr'>consilium</span> <span class='ocrx_word' id='word_1_328' title='bbox 1084 2197 1235 2237; x_wconf 86' lang='lat' dir='ltr'>captum</span> <span class='ocrx_word' id='word_1_329' title='bbox 1262 2197 1365 2224; x_wconf 87' lang='lat' dir='ltr'>recte</span> <span class='ocrx_word' id='word_1_330' title='bbox 1390 2195 1681 2236; x_wconf 85' lang='lat' dir='ltr'>exsequeretur,</span> <span class='ocrx_word' id='word_1_331' title='bbox 1710 2189 1761 2224; x_wconf 83' lang='lat' dir='ltr'>ita</span> <span class='ocrx_word' id='word_1_332' title='bbox 1789 2202 1810 2224; x_wconf 87' lang='lat' dir='ltr'>a</span> <span class='ocrx_word' id='word_1_333' title='bbox 1836 2202 1898 2225; x_wconf 87' lang='lat' dir='ltr'>me</span> <span class='ocrx_word' id='word_1_334' title='bbox 1925 2198 2119 2226; x_wconf 85' lang='lat' dir='ltr'>versatum</span> <span class='ocrx_word' id='word_1_335' title='bbox 2148 2198 2216 2234; x_wconf 87' lang='lat' dir='ltr'>est,</span> 
     </span>
     <span class='ocr_line' id='line_1_31' title="bbox 284 2251 2218 2302; baseline 0.003 -17"><span class='ocrx_word' id='word_1_336' title='bbox 284 2258 323 2285; x_wconf 90' lang='lat' dir='ltr'>ut</span> <span class='ocrx_word' id='word_1_337' title='bbox 350 2251 472 2298; x_wconf 81' lang='lat' dir='ltr'>prima</span> <span class='ocrx_word' id='word_1_338' title='bbox 499 2251 538 2287; x_wconf 86' lang='lat' dir='ltr'>in</span> <span class='ocrx_word' id='word_1_339' title='bbox 565 2259 671 2299; x_wconf 88' lang='lat' dir='ltr'>parte</span> <span class='ocrx_word' id='word_1_340' title='bbox 705 2253 942 2301; x_wconf 80' lang='lat' dir='ltr'>singularum</span> <span class='ocrx_word' id='word_1_341' title='bbox 977 2254 1190 2300; x_wconf 88' lang='lat' dir='ltr'>specierum</span> <span class='ocrx_word' id='word_1_342' title='bbox 1219 2254 1509 2302; x_wconf 82' lang='lat' dir='ltr'>descriptiones,</span> <span class='ocrx_word' id='word_1_343' title='bbox 1563 2253 1727 2289; x_wconf 86' lang='lat' dir='ltr'>secunda</span> <span class='ocrx_word' id='word_1_344' title='bbox 1754 2267 1843 2290; x_wconf 80' lang='lat' dir='ltr'>vero</span> <span class='ocrx_word' id='word_1_345' title='bbox 1872 2254 2218 2291; x_wconf 76' lang='lat' dir='ltr'>animadversiones</span> 
     </span>
     <span class='ocr_line' id='line_1_32' title="bbox 286 2316 1204 2361; baseline 0.005 -11"><span class='ocrx_word' id='word_1_346' title='bbox 286 2316 322 2351; x_wconf 88' lang='lat' dir='ltr'>in</span> <span class='ocrx_word' id='word_1_347' title='bbox 350 2323 582 2352; x_wconf 85' lang='lat' dir='ltr'>structuram</span> <span class='ocrx_word' id='word_1_348' title='bbox 609 2318 864 2353; x_wconf 78' lang='lat' dir='ltr'>anatomicam</span> <span class='ocrx_word' id='word_1_349' title='bbox 892 2325 1088 2354; x_wconf 76' lang='lat' dir='ltr'>annotatae</span> <span class='ocrx_word' id='word_1_350' title='bbox 1116 2320 1204 2361; x_wconf 75' lang='lat' dir='ltr'>sint,</span> 
     </span>
    </p>
   </div>
   <div class='ocr_carea' id='block_1_3' title="bbox 372 2510 2212 3026">
    <p class='ocr_par' dir='ltr' id='par_1_6' title="bbox 372 2510 559 2547">
     <span class='ocr_line' id='line_1_33' title="bbox 372 2510 559 2547; baseline 0.005 -8"><span class='ocrx_word' id='word_1_351' title='bbox 372 2511 422 2547; x_wconf 85' lang='lat'>12)</span> <span class='ocrx_word' id='word_1_352' title='bbox 464 2510 489 2538; x_wconf 80' lang='lat'>1.</span> <span class='ocrx_word' id='word_1_353' title='bbox 533 2520 559 2540; x_wconf 88' lang='lat' dir='ltr'>c.</span> 
     </span>
    </p>

    <p class='ocr_par' dir='ltr' id='par_1_7' title="bbox 373 2587 1295 2632">
     <span class='ocr_line' id='line_1_34' title="bbox 373 2587 1295 2632; baseline 0.01 -15"><span class='ocrx_word' id='word_1_354' title='bbox 373 2590 423 2625; x_wconf 62' lang='grc' dir='ltr'>ιε)</span> <span class='ocrx_word' id='word_1_355' title='bbox 467 2587 551 2628; x_wconf 80' lang='lat' dir='ltr'>Syst.</span> <span class='ocrx_word' id='word_1_356' title='bbox 574 2596 635 2619; x_wconf 76' lang='lat' dir='ltr'>nat.</span> <span class='ocrx_word' id='word_1_357' title='bbox 659 2600 686 2622; x_wconf 72' lang='lat' dir='ltr'>c,</span> <span class='ocrx_word' id='word_1_358' title='bbox 709 2589 840 2621; x_wconf 80' lang='lat' dir='ltr'>Gmelin</span> <span class='ocrx_word' id='word_1_359' title='bbox 863 2592 958 2624; x_wconf 83' lang='lat' dir='ltr'>Tom.</span> <span class='ocrx_word' id='word_1_360' title='bbox 980 2593 1006 2623; x_wconf 84' lang='grc' dir='ltr'>Ι.</span> <span class='ocrx_word' id='word_1_361' title='bbox 1037 2603 1069 2631; x_wconf 88' lang='lat' dir='ltr'>p.</span> <span class='ocrx_word' id='word_1_362' title='bbox 1087 2593 1129 2623; x_wconf 85' lang='grc' dir='ltr'>ΙΙ,</span> <span class='ocrx_word' id='word_1_363' title='bbox 1154 2602 1185 2631; x_wconf 89' lang='lat' dir='ltr'>p.</span> <span class='ocrx_word' id='word_1_364' title='bbox 1204 2602 1295 2632; x_wconf 77' lang='lat'><strong>3044.</strong></span> 
     </span>
    </p>

    <p class='ocr_par' dir='ltr' id='par_1_8' title="bbox 373 2666 1249 2711">
     <span class='ocr_line' id='line_1_35' title="bbox 373 2666 1249 2711; baseline 0.007 -15"><span class='ocrx_word' id='word_1_365' title='bbox 373 2668 423 2703; x_wconf 87' lang='lat'>¹4)</span> <span class='ocrx_word' id='word_1_366' title='bbox 466 2666 598 2706; x_wconf 69' lang='lat' dir='ltr'>Naturg.</span> <span class='ocrx_word' id='word_1_367' title='bbox 630 2668 685 2696; x_wconf 83' lang='lat' dir='ltr'>der</span> <span class='ocrx_word' id='word_1_368' title='bbox 715 2669 857 2709; x_wconf 80' lang='lat' dir='ltr'>Eingew.</span> <span class='ocrx_word' id='word_1_369' title='bbox 883 2672 1027 2700; x_wconf 68' lang='lat' dir='ltr'>wijrmer</span> <span class='ocrx_word' id='word_1_370' title='bbox 1048 2679 1103 2709; x_wconf 82' lang='lat' dir='ltr'>4to</span> <span class='ocrx_word' id='word_1_371' title='bbox 1133 2682 1164 2709; x_wconf 68' lang='lat' dir='ltr'>p·</span> <span class='ocrx_word' id='word_1_372' title='bbox 1181 2680 1249 2711; x_wconf 81' lang='lat'>139.</span> 
     </span>
    </p>

    <p class='ocr_par' dir='ltr' id='par_1_9' title="bbox 372 2743 2212 2863">
     <span class='ocr_line' id='line_1_36' title="bbox 372 2743 2212 2791; baseline 0.003 -17"><span class='ocrx_word' id='word_1_373' title='bbox 372 2746 422 2781; x_wconf 84' lang='lat'>15)</span> <span class='ocrx_word' id='word_1_374' title='bbox 466 2743 624 2785; x_wconf 76' lang='lat' dir='ltr'>Nachtrag</span> <span class='ocrx_word' id='word_1_375' title='bbox 647 2756 685 2773; x_wconf 89' lang='lat' dir='ltr'>zu</span> <span class='ocrx_word' id='word_1_376' title='bbox 703 2745 848 2777; x_wconf 81' lang='lat' dir='ltr'>Goezens</span> <span class='ocrx_word' id='word_1_377' title='bbox 867 2747 999 2789; x_wconf 72' lang='lat' dir='ltr'>Naturg.</span> <span class='ocrx_word' id='word_1_378' title='bbox 1022 2759 1055 2787; x_wconf 81' lang='lat' dir='ltr'>p.</span> <span class='ocrx_word' id='word_1_379' title='bbox 1070 2758 1138 2788; x_wconf 72' lang='lat'>150.</span> <span class='ocrx_word' id='word_1_380' title='bbox 1181 2749 1361 2790; x_wconf 79' lang='lat' dir='ltr'>Anleitung</span> <span class='ocrx_word' id='word_1_381' title='bbox 1384 2761 1438 2780; x_wconf 89' lang='lat' dir='ltr'>zur</span> <span class='ocrx_word' id='word_1_382' title='bbox 1455 2749 1570 2780; x_wconf 75' lang='lat' dir='ltr'>Natur.</span> <span class='ocrx_word' id='word_1_383' title='bbox 1589 2749 1629 2782; x_wconf 83' lang='lat' dir='ltr'>G.</span> <span class='ocrx_word' id='word_1_384' title='bbox 1648 2751 1678 2781; x_wconf 86' lang='lat' dir='ltr'>d.</span> <span class='ocrx_word' id='word_1_385' title='bbox 1694 2751 1730 2782; x_wconf 85' lang='lat' dir='ltr'>E.</span> <span class='ocrx_word' id='word_1_386' title='bbox 1750 2752 1799 2783; x_wconf 76' lang='lat' dir='ltr'>W.</span> <span class='ocrx_word' id='word_1_387' title='bbox 1823 2751 1978 2791; x_wconf 81' lang='lat' dir='ltr'>Bamberg</span> <span class='ocrx_word' id='word_1_388' title='bbox 1991 2752 2077 2788; x_wconf 81' lang='lat'><strong>1803·</strong></span> <span class='ocrx_word' id='word_1_389' title='bbox 2100 2759 2132 2788; x_wconf 79' lang='lat' dir='ltr'>p·</span> <span class='ocrx_word' id='word_1_390' title='bbox 2146 2758 2212 2789; x_wconf 81' lang='lat'>129.</span> 
     </span>
     <span class='ocr_line' id='line_1_37' title="bbox 373 2820 729 2863; baseline 0.006 -11"><span class='ocrx_word' id='word_1_391' title='bbox 373 2824 423 2859; x_wconf 85' lang='lat'>16)</span> <span class='ocrx_word' id='word_1_392' title='bbox 465 2820 601 2861; x_wconf 84' lang='lat' dir='ltr'>Synops.</span> <span class='ocrx_word' id='word_1_393' title='bbox 631 2832 663 2860; x_wconf 88' lang='lat' dir='ltr'>p.</span> <span class='ocrx_word' id='word_1_394' title='bbox 678 2823 729 2863; x_wconf 85' lang='lat'>63.</span> 
     </span>
    </p>

    <p class='ocr_par' dir='ltr' id='par_1_10' title="bbox 373 2899 1353 2945">
     <span class='ocr_line' id='line_1_38' title="bbox 373 2899 1353 2945; baseline 0.008 -17"><span class='ocrx_word' id='word_1_395' title='bbox 373 2902 423 2938; x_wconf 84' lang='lat'>¹7)</span> <span class='ocrx_word' id='word_1_396' title='bbox 468 2899 548 2939; x_wconf 83' lang='lat' dir='ltr'>Syst.</span> <span class='ocrx_word' id='word_1_397' title='bbox 579 2901 632 2931; x_wconf 87' lang='lat' dir='ltr'>des</span> <span class='ocrx_word' id='word_1_398' title='bbox 662 2903 812 2933; x_wconf 73' lang='lat' dir='ltr'>animaux</span> <span class='ocrx_word' id='word_1_399' title='bbox 836 2913 907 2933; x_wconf 76' lang='lat' dir='ltr'>sans</span> <span class='ocrx_word' id='word_1_400' title='bbox 929 2904 1091 2936; x_wconf 82' lang='lat' dir='ltr'>vertebres</span> <span class='ocrx_word' id='word_1_401' title='bbox 1115 2907 1155 2936; x_wconf 86' lang='lat' dir='ltr'>T.</span> <span class='ocrx_word' id='word_1_402' title='bbox 1171 2906 1231 2939; x_wconf 84' lang='grc' dir='ltr'>ΙΙΙ,</span> <span class='ocrx_word' id='word_1_403' title='bbox 1255 2917 1286 2945; x_wconf 85' lang='lat' dir='ltr'>p.</span> <span class='ocrx_word' id='word_1_404' title='bbox 1304 2913 1353 2944; x_wconf 82' lang='lat'>38.</span> 
     </span>
    </p>

    <p class='ocr_par' dir='ltr' id='par_1_11' title="bbox 375 2976 1569 3026">
     <span class='ocr_line' id='line_1_39' title="bbox 375 2976 1569 3026; baseline 0.011 -21"><span class='ocrx_word' id='word_1_405' title='bbox 375 2979 425 3014; x_wconf 87' lang='lat'>18)</span> <span class='ocrx_word' id='word_1_406' title='bbox 468 2976 637 3009; x_wconf 84' lang='lat' dir='ltr'>Lehrbuch</span> <span class='ocrx_word' id='word_1_407' title='bbox 667 2981 721 3010; x_wconf 87' lang='lat' dir='ltr'>der</span> <span class='ocrx_word' id='word_1_408' title='bbox 744 2981 875 3022; x_wconf 77' lang='lat' dir='ltr'>Naturg.</span> <span class='ocrx_word' id='word_1_409' title='bbox 898 2983 975 3014; x_wconf 81' lang='lat' dir='ltr'>Thl.</span> <span class='ocrx_word' id='word_1_410' title='bbox 993 2983 1054 3014; x_wconf 86' lang='lat' dir='ltr'><strong>III.</strong></span> <span class='ocrx_word' id='word_1_411' title='bbox 1086 2984 1233 3016; x_wconf 67' lang='lat' dir='ltr'>Abthm.</span> <span class='ocrx_word' id='word_1_412' title='bbox 1258 2996 1290 3023; x_wconf 78' lang='lat' dir='ltr'>p.</span> <span class='ocrx_word' id='word_1_413' title='bbox 1313 2993 1380 3026; x_wconf 79' lang='lat'>135.</span> <span class='ocrx_word' id='word_1_414' title='bbox 1408 2994 1475 3026; x_wconf 83' lang='lat'><strong>139.</strong></span> <span class='ocrx_word' id='word_1_415' title='bbox 1502 2987 1569 3023; x_wconf 84' lang='lat'>163.</span> 
     </span>
    </p>
   </div>
   <div class='ocr_carea' id='block_1_4' title="bbox 375 3054 1069 3099">
    <p class='ocr_par' dir='ltr' id='par_1_12' title="bbox 375 3054 1069 3099">
     <span class='ocr_line' id='line_1_40' title="bbox 375 3054 1069 3099; baseline 0.012 -16"><span class='ocrx_word' id='word_1_416' title='bbox 375 3056 424 3092; x_wconf 87' lang='lat'>19)</span> <span class='ocrx_word' id='word_1_417' title='bbox 467 3054 578 3096; x_wconf 81' lang='lat' dir='ltr'>Regne</span> <span class='ocrx_word' id='word_1_418' title='bbox 607 3059 738 3089; x_wconf 75' lang='lat' dir='ltr'>animal.</span> <span class='ocrx_word' id='word_1_419' title='bbox 768 3060 864 3089; x_wconf 89' lang='lat' dir='ltr'>Tom.</span> <span class='ocrx_word' id='word_1_420' title='bbox 883 3060 940 3090; x_wconf 81' lang='lat' dir='ltr'>IV.</span> <span class='ocrx_word' id='word_1_421' title='bbox 971 3071 1003 3099; x_wconf 85' lang='lat' dir='ltr'>p.</span> <span class='ocrx_word' id='word_1_422' title='bbox 1018 3068 1069 3098; x_wconf 84' lang='lat'>28.</span> 
     </span>
    </p>
   </div>
   <div class='ocr_carea' id='block_1_5' title="bbox 372 3133 2169 3181">
    <p class='ocr_par' dir='ltr' id='par_1_13' title="bbox 372 3133 2169 3181">
     <span class='ocr_line' id='line_1_41' title="bbox 372 3133 2169 3181; baseline 0.01 -20"><span class='ocrx_word' id='word_1_423' title='bbox 372 3135 425 3171; x_wconf 84' lang='lat'>20)</span> <span class='ocrx_word' id='word_1_424' title='bbox 468 3133 648 3166; x_wconf 76' lang='lat' dir='ltr'>Commeat.</span> <span class='ocrx_word' id='word_1_425' title='bbox 675 3136 711 3165; x_wconf 87' lang='lat' dir='ltr'>de</span> <span class='ocrx_word' id='word_1_426' title='bbox 741 3139 921 3177; x_wconf 73' lang='lat' dir='ltr'>vegetativis</span> <span class='ocrx_word' id='word_1_427' title='bbox 955 3147 987 3168; x_wconf 89' lang='lat' dir='ltr'>et</span> <span class='ocrx_word' id='word_1_428' title='bbox 1016 3142 1162 3172; x_wconf 75' lang='lat' dir='ltr'>animatis</span> <span class='ocrx_word' id='word_1_429' title='bbox 1194 3142 1396 3181; x_wconf 81' lang='lat' dir='ltr'>corporibus,</span> <span class='ocrx_word' id='word_1_430' title='bbox 1443 3144 1479 3173; x_wconf 81' lang='lat' dir='ltr'>in</span> <span class='ocrx_word' id='word_1_431' title='bbox 1508 3151 1641 3181; x_wconf 81' lang='lat' dir='ltr'>corpore</span> <span class='ocrx_word' id='word_1_432' title='bbox 1671 3139 1811 3169; x_wconf 77' lang='lat' dir='ltr'>animato</span> <span class='ocrx_word' id='word_1_433' title='bbox 1841 3137 2041 3176; x_wconf 55' lang='lat' dir='ltr'>reperiundis</span> <span class='ocrx_word' id='word_1_434' title='bbox 2063 3147 2096 3176; x_wconf 71' lang='lat' dir='ltr'>P&#39;</span> <span class='ocrx_word' id='word_1_435' title='bbox 2115 3147 2169 3178; x_wconf 82' lang='lat'>49·</span> 
     </span>
    </p>
   </div>
  </div>
 </body>
</html>
