2520 4031
959 291 1069 309 ——anur
1173 285 1216 322 15
1315 288 1424 311 >--

311 378 488 411 Chai-act.
531 378 701 410 Proboscis
724 377 903 420 cylindrica
924 376 1014 414 apice
1037 384 1143 413 aucta,
1193 374 1382 407 uncinorum
1412 377 1554 409 seriebus
1578 381 1728 420 triginta,
1775 392 1888 423 corpus
1913 385 2152 426 longissimum,

474 445 556 473 apex
587 435 723 465 candelis
752 434 900 464 inflexus.

309 513 404 543 Hah.
448 511 487 542 In
509 514 670 544 intestinis
700 511 833 551 Mergi
864 510 1031 542 minuti.

376 601 614 653 Descript.
666 601 807 638 Bloch
835 603 956 638 solum
983 600 1169 648 quondam
1187 601 1286 637 hanc
1306 602 1618 652 Echinorhynchi
1644 604 1810 652 speciem
1838 606 2008 649 offendit
2036 612 2156 648 illam-

224 683 293 717 que
321 670 369 710 cl
396 668 542 706 Rudol
550 666 626 717 ph1
653 672 805 702 auctore
834 671 870 701 et
897 665 995 700 male
1022 663 1187 712 depinxit
1215 672 1251 700 et
1279 665 1488 714 descripsit.
1542 667 1753 718 Longitudo
1779 669 2030 726 speciminum
2058 676 2157 723 polli-

224 733 323 770 caris
351 735 409 768 vel
437 729 711 780 sexpollica‘ris,
757 729 943 778 proboscis
971 722 1180 778 cylindiica
1210 723 1357 777 apicem
1383 742 1452 765 vei
1454 742 1515 766 sus
1542 739 1671 778 aucta,
1719 734 1796 769 sive
1823 742 1928 781 parte
1954 741 2157 784 posteiiore

222 797 393 833 tenuiore
431 795 654 833 uncinorum
689 795 856 832 seriebus
891 794 1116 830 transversis
1150 793 1306 834 circiter
1339 794 1497 844 triginta
1530 794 1752 833 densissime
1787 806 1986 847 aimata5·
2022 803 2157 842 collum

219 861 394 908 nullumq
444 871 577 907 corpus
618 851 870 907 cylindricum
910 859 1064 905 aequa-le
1104 859 1383 908 longissimum.
1448 859 1557 906 Apex
1596 860 1761 897 caudalis
1802 863 1959 901 inflexus
1997 865 2158 913 obtusus,

220 925 414 961 Blochio
441 929 568 959 rectus
595 935 639 960 ae
667 930 821 968 acutus,
864 923 925 967 vel
953 922 1069 960 etiam
1097 924 1316 970 corpusculo
1341 923 1447 965 vario
1474 923 1584 960 modo
1608 926 1847 973 prominente
1877 937 2018 973 auctus,

216 1087 295 1143 25)
355 1080 767 1141 Echinorhynchus
807 1080 1204 1142 appendiculatus.
1263 1073 1381 1126 mihi
1410 1081 1470 1127 n*
1489 1098 1558 1142 sp.

303 1179 455 1222 Synon
499 1179 574 1211 Ech
599 1180 720 1211 Sericis.
765 1179 989 1220 Notitiap.
1002 1179 1054 1212 26.
1085 1189 1133 1208 nr.
1152 1179 1202 1211 16.
1244 1177 1466 1216 Rudolphi
1485 1177 1634 1218 Synops.
1667 1188 1698 1217 p.
1715 1181 1768 1218 76.
1798 1190 1849 1213 nr.
1868 1189 1920 1222 5¹
1988 1192 1991 1207 ι

303 1271 484 1304 Char-act.
527 1270 697 1304 Proboscis
721 1272 820 1313 longa
842 1272 979 1307 clavata,
1022 1272 1216 1302 uncinorum
1239 1271 1504 1300 duriusculorum
1527 1256 1671 1303 seriebus
1696 1274 1815 1314 viginti
1836 1253 2012 1320 quatuor3¹
2037 1280 2158 1312 collum

470 1329 619 1366 nullun1;
661 1337 776 1366 corpus
805 1335 989 1358 antrorsum
1017 1326 1174 1362 obovale,
1214 1333 1391 1356 retrorsum
1415 1325 1645 1367 cylindricux'r).

870 1369 889 1385 Ι.

306 1420 404 1454 Hah.
450 1421 489 1453 In
517 1422 675 1453 intestinis
705 1421 862 1450 Sor-icis
892 1417 1059 1448 Aranei.

369 1513 543 1551 Descr1
552 1519 612 1560 pt
665 1510 794 1549 Semel
821 1517 962 1547 aestate
988 1516 1179 1558 repeitus,
1226 1518 1303 1547 ties
1332 1519 1535 1560 quatuorve
1562 1513 1680 1550 lineas
1705 1515 1859 1565 longus,
1911 1519 2034 1566 albus,
2077 1536 2158 1570 pro.

218 1573 369 1615 boscide
395 1575 616 1629 longissima
633 1602 645 1620 ‚
697 1575 737 1611 in
764 1575 877 1623 apice
897 1581 1007 1611 aucta
1037 1573 1234 1611 rotundata
1262 1588 1305 1612 ac
1332 1576 1507 1624 papillam
1532 1577 1738 1615 instructus
1766 1587 1845 1626 est,
1899 1584 2004 1630 eujus
2031 1587 2159 1623 uncini

217 1642 355 1692 viginti
382 1649 419 1678 et
445 1648 602 1689 quatuor
628 1640 745 1676 series
772 1640 1044 1676 transversales
1071 1639 1258 1684 formant,
1307 1653 1466 1687 quarum
1493 1641 1654 1689 postica,
1699 1645 1790 1679 collo
1817 1644 2033 1693 deficiente,
2078 1662 2157 1686 cor-

219 1707 301 1755 pori
326 1706 397 1754 ipsi
423 1705 495 1742 hac
523 1706 562 1742 in
588 1712 692 1754 parte
719 1704 799 1740 basi
825 1702 1052 1753 proboscidis
1077 1705 1270 1752 paululum
1297 1705 1472 1757 crassiori
1501 1705 1665 1754 adposita
1693 1715 1760 1748 est
1821 1710 1964 1746 Versus
1991 1713 2158 1750 mediam

215 1771 416 1807 obovatam
442 1778 590 1819 partem
616 1769 686 1806 hoc
713 1768 953 1814 intumescit,
1001 1776 1221 1818 retrorsum,
1244 1781 1335 1821 vero
1371 1769 1804 1820 cylindrieumaequale
1830 1786 1965 1822 parum
1993 1784 2158 1815 attenua-

220 1845 302 1874 tum
309 1865 322 1885 ,
376 1837 482 1886 apice
509 1834 657 1872 caudali
695 1833 822 1870 obtu'so
856 1832 1008 1883 gaudet.

219 1988 302 2041 26)
363 1982 777 2041 Echinorhynchus
818 1981 1114 2042 sigmoideus.
1175 1982 1294 2026 mihi
1330 1998 1373 2025 11.
1407 1998 1472 2041 sp.

304 2081 458 2121 synon.
502 2079 577 2109 Ech.
604 2078 713 2110 Orioli.
758 2079 928 2110 Notitia
949 2090 984 2118 p.
1003 2080 1053 2110 26.
1084 2090 1134 2110 nr.
1155 2088 1205 2119 17.
1248 2079 1468 2117 Rudolphi
1497 2078 1636 2120 Synops,
1661 2076 1691 2118 p.
1709 2089 1759 2132 77.'
1784 2092 1831 2113 nr.
1847 2082 1897 2116 62.

306 2173 497 2204 Char-act.
542 2171 711 2204 Proboscis
742 2173 938 2209 subeles-ata,
983 2175 1177 2204 uncinorum
1207 2174 1351 2204 seriebus
1380 2173 1517 2214 viginti,
1561 2183 1675 2212 corpus
1698 2182 1781 2205 teres
1805 2178 1961 2217 utrinque
1982 2184 2158 2210 retrorsum

470 2230 570 2269 magis
599 2237 804 2259 attenuatum.
2173 2219 2175 2221 r

308 2323 408 2354 Hab.
451 2322 492 2353 In
518 2323 674 2353 intestinis
709 2322 854 2353 Orioli
883 2321 1101 2354 Galbulae.

375 2416 660 2464 Descript.
717 2416 871 2464 Species
909 2416 1004 2452 haec
1043 2428 1139 2453 nova
1173 2412 1487 2463 Echinorhynchi
1520 2416 1639 2450 semel
1673 2428 1764 2452 vere
1798 2425 1947 2465 reperta
1981 2426 2064 2465 est,
2125 2426 2161 2454 et

168 2519 172 2521 c
224 2481 434 2530 specimina
459 2480 556 2516 mihi
578 2481 661 2517 visa
693 2487 770 2517 tres
802 2481 862 2517 vel
896 2488 1052 2528 quatuor
1084 2480 1202 2516 lineas
1236 2479 1459 2525 metientia,
1513 2479 1772 2527 proboscidem
1804 2483 1983 2532 longam,
2035 2482 2160 2519 medio

225 2558 360 2595 parum
387 2546 660 2591 constrictam,
713 2545 818 2594 apice
852 2552 1003 2581 auctam
1038 2552 1146 2592 atque
1181 2544 1421 2580 rotundatam
1458 2549 1495 2579 et
1527 2545 1753 2580 uncinorum
1787 2545 2090 2582 duriusculorum
2124 2555 2160 2583 et

226 2610 452 2646 reflexorum
486 2610 651 2646 seriebus
689 2610 826 2661 viginti
861 2622 976 2657 usque
1010 2609 1146 2659 viginti
1182 2616 1218 2644 et
1253 2614 1409 2656 quatuor
1440 2609 1668 2644 transversis
1703 2609 1936 2647 densissimis
1971 2612 2159 2647 munitam

225 2675 376 2713 habent.
428 2671 575 2710 Collum
600 2676 743 2711 nullum
771 2681 808 2710 et
834 2687 966 2724 corpus
993 2681 1114 2719 teres,
1143 2673 1316 2721 utrinque
1337 2680 1546 2709 retrorsum
1568 2674 1691 2723 magis
1720 2681 1954 2711 attenuatum
1982 2676 2161 2723 apiceque

225 2739 472 2776 obtusiusculo
498 2738 723 2775 instructum
734 2766 746 2784 ,
795 2740 849 2775 ita
875 2740 913 2776 in
947 2739 1116 2775 omnibus
1143 2739 1346 2775 incurvum
1374 2746 1450 2784 est,
1503 2745 1543 2772 ut
1573 2738 1761 2786 proboscis
1795 2738 1841 2775 ad
1873 2752 2014 2785 unum,
2067 2753 2161 2788 apex

226 2816 315 2839 vero
342 2802 389 2839 ad
416 2804 575 2842 alterum
602 2804 697 2840 latus
725 2811 888 2852 spectet,
932 2802 1027 2839 unde
1058 2804 1202 2839 vermis
1230 2803 1348 2851 quoad
1373 2803 1537 2853 figuram
1564 2802 1853 2839 similitudinem
1880 2804 2041 2851 aliquam
2071 2817 2160 2840 cum

225 2867 262 2904 S.
288 2880 444 2903 romano
471 2868 638 2916 accepit,
690 2881 783 2916 quae
817 2868 942 2905 forma
977 2868 1178 2918 singularis
1211 2868 1309 2904 mihi
1336 2867 1499 2904 nominis
1523 2867 1685 2903 trivialis
1714 2866 1895 2904 condendi
1922 2868 2160 2905 occasionem

181 2931 187 2936 “
226 2930 410 2980 praebuit,

226 3092 301 3147 27)
360 3088 770 3147 Echinorhynchus
802 3091 1067 3150 inscriptus.
1127 3090 1242 3134 mihi
1273 3108 1318 3135 n.
1351 3104 1419 3150 sp.

314 3183 490 3216 Chai-act.
534 3185 699 3217 Proboscis
727 3188 824 3228 longa
854 3188 1001 3223 clavata,
1045 3189 1237 3218 uncinorum
1267 3190 1468 3218 minutorum
1498 3185 1638 3216 seriebus
1668 3185 1802 3223 multi33
1848 3185 1971 3216 collum
2008 3186 2156 3222 nullum;

477 3251 592 3280 corpus
614 3250 695 3272 teres
717 3245 869 3285 utrinque
892 3251 1085 3273 attenuatum
1100 3264 1109 3279 ‚
1153 3254 1235 3282 apex
1259 3243 1395 3273 candelis
1418 3243 1551 3274 obtusus
1576 3249 1629 3273 aut
1651 3244 1872 3284 emarginatufl.

313 3318 411 3349 Hah.
455 3319 495 3349 In
525 3321 682 3352 intestiniS
711 3321 844 3352 andi
873 3322 1105 3362 flavipedis
1139 3329 1177 3352 et
1207 3321 1451 3354 albicollis.

379 3411 616 3461 Descript.
669 3413 820 3462 Species
855 3414 950 3452 haec
986 3414 1301 3463 Echinorhynchi
1335 3415 1379 3451 ab
1415 3415 1461 3455 cl,
1490 3413 1712 3450 Natterer
1746 3410 1784 3447 in
1814 3410 1971 3447 Brasilia
1997 3417 2160 3458 reperta,

230 3475 275 3512 ab
301 3481 515 3511 transverso
547 3484 588 3512 ut
613 3478 710 3514 mihi
735 3491 957 3526 persuasum
984 3479 1241 3517 diversissima
1269 3485 1352 3524 est,
1403 3485 1445 3514 ut
1471 3490 1516 3514 ex
1543 3476 1789 3524 descriptione
1814 3475 1967 3523 patema
