2520 4031
1083 289 1235 325 ---κῄ
1292 286 1316 324 4
1415 285 1524 310 »-

1015 378 1057 424 b)
1110 375 1312 413 Collo
1363 375 1581 421 brevi„

322 464 390 523 ’2)
447 462 855 521 Echinorhynchus
889 463 1083 521 Spirula.
1144 462 1236 504 olf
1242 476 1339 504 ers.

422 552 576 592 synon.
619 551 694 581 Ech.
718 549 853 591 spirata.
897 548 1114 596 {ludolphi
1142 548 1284 590 synops.
1308 559 1340 587 p.
1356 549 1406 585 63.
1429 556 1500 585 310.
1529 559 1579 581 nr.
1596 558 1626 584 2.
1664 559 1696 588 p.
1711 528 1782 590 665ss
1806 555 1915 588 m.51.

420 634 609 667 Charact.
655 635 822 665 Proboscis
846 631 1054 673 subglobosa‚
1097 634 1217 663 collum
1239 633 1449 670 subnussum,
1488 643 1602 672 corpus
1632 634 1780 675 utrinque
1803 640 1985 663 antrorsum
2006 633 2107 673 magis*
2129 638 2265 660 attenua·

584 700 652 722 tum
681 698 711 719 et
740 691 917 720 incurvum.

418 775 516 807 Hab.
562 775 599 804 In
626 780 726 803 tractu
757 773 934 803 intestinali
961 773 1114 803 Simiae
1143 772 1362 812 Apellaef
1393 773 1596 804 Rosaliae
1625 779 1663 802 et
1693 771 1896 803 viv-errae
1927 772 2111 803 Naricae.

1109 844 1272 885 Tab.1.
1325 846 1411 895 sig.
1436 845 1496 887 16.

483 922 722 970 Descript.
775 922 880 958 Idem
915 924 1038 958 clarus
1073 925 1161 967 vir,
1216 925 1316 961 hunc
1353 936 1494 972 quoque
1527 924 1892 972 Echinorhynchum
1927 922 2047 970 primo
2082 921 2121 956 in
2149 919 2267 955 Simia

334 990 500 1033 Rosalia,
542 979 668 1037 postea
696 989 812 1023 etiam
839 988 972 1035 inclyt,
1001 988 1138 1022 Natte
1151 999 1229 1020 rer
1255 988 1293 1022 in
1327 987 1400 1022 hac
1428 994 1465 1021 et
1493 986 1624 1033 Apella
1652 986 1823 1034 offendit5
1876 988 1923 1028 cl,
1944 985 2106 1021 Mikan'
2127 994 2268 1032 quoque

335 1054 432 1092 Prof.
468 1052 568 1100 publ,
595 1051 790 1099 Pragensis
823 1064 869 1085 ex
902 1049 1061 1085 Brasilia
1097 1048 1241 1093 redux,
1296 1056 1453 1097 quatuor
1485 1062 1506 1084 a
1533 1050 1653 1087 Simia
1679 1052 1826 1088 Rosalia
1861 1053 1900 1088 in
1934 1053 2070 1087 itinere
2106 1049 2269 1095 dejectas

337 1119 541 1166 adportavit
575 1117 683 1162 hujus
715 1114 855 1162 speciei
890 1114 1150 1158 helminthes,
1205 1125 1297 1161 quae
1335 1126 1426 1148 vero
1462 1127 1534 1149 non
1569 1115 1701 1163 spiritu
1736 1117 1836 1162 vini,
1890 1116 1955 1152 sed
1982 1117 2054 1152 alia
2079 1115 2119 1150 in
2145 1114 2268 1161 specie

334 1183 525 1232 (Rumm)
553 1186 791 1223 asservatae,
835 1179 1001 1213 colorem
1038 1176 1194 1212 induere
1224 1177 1391 1226 nigrum,
1456 1178 1620 1214 Vermes
1656 1192 1677 1215 a
1706 1181 1808 1216 claro
1841 1181 1872 1216 N
1882 1187 2069 1216 atterer
2104 1177 2269 1215 nuncin

332 1247 520 1284 intestinis
548 1245 690 1293 Simiae
718 1243 872 1291 Apellae
899 1242 1068 1290 reperti,
1124 1254 1282 1289 quorum
1301 1267 1312 1285 ,
1364 1253 1459 1276 unus
1476 1241 1702 1288 ,proboscide
1728 1244 1868 1291 partim
1894 1251 2060 1280 retracta
2088 1242 2270 1287 sedecim,

335 1314 429 1349 alter
462 1312 526 1347 illa
560 1317 636 1345 tota
669 1316 819 1344 exserta
849 1307 1051 1343 duodecim
1086 1306 1205 1341 lineas
1241 1304 1473 1354 longitudine
1502 1305 1705 1356 adaequat,
1758 1316 1904 1344 tantam
1932 1308 2101 1344 minimis
2129 1319 2270 1355 quoque

334 1378 374 1413 in
409 1376 504 1412 notis
537 1374 697 1409 offerunt
732 1384 822 1408 cum
857 1371 1050 1406 vermibus
1084 1382 1129 1404 ex
1157 1369 1196 1409 S.
1225 1369 1373 1404 Rosalia
1400 1368 1713 1416 similitudinem,
1766 1380 1806 1407 ut
1832 1372 1940 1407 unius
1968 1371 2184 1419 speciminis
2211 1370 2273 1407 de-

336 1441 487 1489 scriptio
527 1440 599 1475 rite
635 1437 800 1473 exhibita
834 1435 1009 1471 sufficere
1043 1433 1194 1469 omnino
1229 1433 1325 1468 mihi
1357 1431 1544 1474 videatur,
1613 1432 1755 1482 Corpus
1789 1435 1954 1471 albidum
1972 1462 1983 1482 5
2039 1442 2194 1484 quatuor
2228 1434 2274 1470 ad

337 1505 537 1543 duodecim
571 1503 689 1538 lineas
731 1501 915 1544 metitur-3
968 1497 1154 1545 proboscis
1196 1497 1341 1532 minuta
1382 1494 1598 1544 subglobosa
1617 1523 1629 1541 ,
1682 1499 1910 1535 uncinorum
1948 1499 2273 1544 duriusculorum,

336 1571 565 1608 reflexorum
603 1568 641 1603 in
675 1566 929 1615 quinquncem
962 1563 1167 1611 positorum
1194 1561 1362 1597 seriebus
1389 1574 1455 1597 sex
1482 1560 1648 1606 munita,
1703 1562 1948 1610 tenuissima3
2002 1577 2047 1599 ex
2073 1565 2165 1600 collo
2193 1564 2274 1599 sub-

339 1638 437 1673 nullo
465 1645 597 1681 corpus
624 1617 743 1667 subitio
770 1630 970 1674 increscit,
1024 1636 1080 1664 ast
1112 1640 1244 1663 versus
1281 1627 1430 1674 apicem
1464 1625 1662 1662 caudalem
1689 1627 2106 1663 acuminato-obtusum
2133 1629 2275 1664 sensim

338 1700 546 1743 decrescit,
574 1698 625 1733 ita
652 1703 783 1731 tamen
808 1703 849 1731 ut
875 1707 959 1743 pars
988 1692 1153 1728 anterior
1168 1691 1414 1738 posteriorem
1439 1697 1589 1737 superet
1616 1689 1802 1732 crassitie,
1856 1689 2031 1739 Corporis
2059 1692 2275 1741 superficies

337 1767 377 1802 in
412 1762 594 1802 nonnullis
627 1772 791 1809 rugosa,
845 1759 884 1794 in
920 1757 1001 1794 aliis
1037 1762 1165 1792 autem
1198 1754 1316 1790 laevis
1351 1755 1410 1790 vel
1446 1753 1564 1790 obiter
1598 1762 1747 1792 tantum
1781 1755 1929 1803 incisa,
1982 1769 2068 1806 pars
2094 1760 2277 1806 posterior

339 1832 558 1879 plerumque
595 1827 769 1865 incurva,

492 1921 644 1970 Species
675 1920 771 1955 hacc
806 1917 937 1954 Simiis
972 1915 1154 1959 obnoxia,
1211 1915 1282 1950 alio
1317 1927 1457 1963 quoque
1490 1915 1530 1949 in
1573 1927 1712 1964 genere
1727 1914 2030 1964 'quadrupedum
2067 1914 2110 1950 ab
2146 1915 2276 1951 simiis

340 1987 598 2025 diversissimo
645 1983 818 2028 occurit,
884 1983 923 2017 in
964 1983 1000 2018 V
1016 1982 1029 2016 i
1046 1994 1068 2016 v
1087 1993 1106 2015 e
1123 1994 1142 2015 r
1160 1994 1180 2015 r
1196 1993 1218 2016 a
1257 1981 1286 2014 N
1307 1993 1328 2015 a
1344 1993 1363 2014 r
1377 1980 1391 2014 i
1407 1991 1427 2014 c
1444 1991 1464 2013 a
1508 1978 1589 2016 scil.
1609 2004 1620 2022 ‚
1690 1978 1796 2024 cujus
1838 1990 1883 2014 ex
1919 1979 2104 2015 intestinis
2146 1966 2275 2020 Joan',

341 2056 565 2089 Natterer
600 2049 673 2084 tria
713 2047 922 2094 specimina
955 2048 1053 2080 lecta
1084 2044 1323 2087 transmisit,
1378 2053 1471 2090 quae
1507 2041 1605 2076 nullo
1640 2032 1680 2075 in
1713 2040 1845 2089 signO,
1897 2049 1938 2077 ut
1972 2044 2020 2083 cl,
2046 2043 2278 2090 Rudolphi

340 2119 418 2165 jam
455 2113 622 2158 monuit,
676 2112 727 2147 ita
767 2110 810 2146 ab
847 2109 919 2145 illis
947 2109 1157 2145 Simiarum
1195 2107 1407 2152 recedunt,
1461 2113 1502 2142 ut
1535 2104 1756 2140 discrimina
1790 2118 1926 2141 novam
1953 2108 2120 2154 speciem
2148 2107 2278 2145 facere

343 2183 509 2231 vigeant*
569 2176 831 2225 Specimimun
863 2175 1076 2210 maximum
1105 2174 1147 2209 ob
1180 2172 1483 2221 magnitudinem
1516 2168 1722 2212 eximium,
1768 2176 1845 2206 tres
1874 2179 1910 2206 et
1945 2170 2145 2208 dimidium
2173 2174 2278 2210 circa

344 2248 500 2285 metitur
526 2245 698 2293 pollices,
740 2243 902 2277 alterum
927 2253 1017 2275 vero
1044 2241 1162 2276 lineas
1195 2239 1410 2288 quindecim
1438 2246 1473 2274 et
1499 2236 1654 2273 tertium
1681 2235 1730 2274 cl.
1751 2235 1984 2283 Rudolphi
2010 2238 2279 2275 transmissum

342 2309 615 2360 septemdecim
642 2308 760 2343 lineas
785 2307 939 2355 longum
968 2312 1036 2345 est,
1089 2304 1280 2349 Proboscis
1307 2304 1347 2339 in
1374 2303 1543 2339 maximo
1571 2307 1607 2335 et
1634 2300 1818 2336 delineato
1834 2301 1982 2348 (Tabj,
2002 2301 2065 2351 fig,
2081 2303 2145 2349 16)
2161 2304 2279 2351 speci-

344 2377 447 2412 mine
486 2373 625 2422 partim
664 2378 860 2417 retracta,
914 2369 1019 2405 facili
1052 2376 1179 2404 autem
1215 2368 1429 2403 encheiresi
1466 2364 1708 2410 extricanda,
1762 2373 1804 2401 ut
1836 2366 1874 2401 in
1907 2367 2022 2402 altero
2057 2367 2203 2407 minuta
2244 2375 2280 2403 et

344 2439 560 2488 subglobosa
587 2443 673 2481 est,
727 2441 832 2482 parte
867 2434 991 2469 antica
1024 2445 1229 2480 parumper
1264 2440 1403 2477 aucta,
1459 2431 1636 2479 apiceque
1676 2431 1775 2468 haud
1803 2432 1953 2467 intruso
1989 2431 2053 2467 sed
2085 2432 2280 2468 rotundato

344 2506 554 2546 instructa,
610 2507 646 2535 ct
680 2499 904 2535 echinorum
939 2497 1028 2532 satis
1061 2498 1217 2532 fortium
1246 2498 1414 2533 seriebus
1447 2509 1512 2533 sex
1539 2509 1603 2543 pro
1631 2504 1826 2532 armatura
1858 2495 1989 2537 utitur,
2059 2493 2206 2531 Collum
2241 2498 2282 2533 in

343 2567 521 2605 ambobus
549 2563 816 2612 speciminibus
842 2564 949 2611 paulo
976 2562 1121 2612 longius
1149 2569 1186 2597 et
1209 2562 1420 2598 distinctius
1444 2569 1485 2598 ut
1506 2562 1698 2597 vermium
1718 2561 1941 2602 ffimiarum,
1994 2558 2138 2608 Corpus
2165 2558 2295 2607 teress

342 2631 506 2668 incisum
534 2635 747 2664 anti-orsum
776 2627 894 2662 subito
920 2627 1160 2671 increscens,
1212 2639 1346 2662 versus
1374 2625 1544 2662 medium
1570 2637 1706 2673 parum
1733 2624 1979 2671 decrescens,
2034 2632 2116 2661 tum
2139 2626 2279 2663 iterum

345 2696 563 2731 increscens
592 2684 697 2739 apice
729 2690 877 2726 caudali
904 2689 1264 2725 attenuato-obtuso
1293 2689 1445 2739 gaudet,

494 2782 728 2829 Rudolphi
764 2782 911 2828 apicem
946 2779 1172 2827 proboscidis
1208 2779 1277 2816 hoc
1312 2780 1351 2816 in
1381 2781 1702 2830 Echinorhyncho
1730 2783 1919 2820 intrusum
1952 2783 2150 2830 reperiisse
2181 2782 2282 2818 affir-

334 2858 446 2895 ,mat,
499 2849 538 2883 in
566 2845 832 2894 speciminibus
860 2857 950 2880 vero
977 2844 1148 2879 omnibus
1178 2843 1275 2880 mihi
1309 2844 1398 2879 visis
1431 2845 1650 2882 rotundatus
1685 2854 1865 2894 apparet,
1919 2846 1980 2894 qui
2007 2851 2135 2881 autem
2162 2854 2282 2882 retra-

349 2915 482 2954 ctionis
509 2911 663 2948 modum
692 2910 794 2945 novit
820 2908 864 2944 de
893 2909 963 2944 hac
992 2907 1202 2953 differentia
1237 2920 1308 2943 non
1342 2908 1557 2950 mirabitur,

328 3081 394 3138 3)
454 3071 863 3129 Echinorhynehus
898 3071 1244 3130 amphipachus.
1275 3089 1334 3116 nl.
1366 3090 1411 3116 n.
1445 3088 1511 3131 sp.

435 3164 586 3205 synon.
630 3160 704 3190 Ech.
729 3161 869 3189 Erinacei
892 3159 1100 3191 abdominalis.
1143 3160 1368 3198 Rudolphi.
1393 3161 1418 3192 1.
1444 3171 1469 3191 c.
1499 3170 1531 3198 p.
1551 3160 1599 3197 76.
1627 3169 1676 3190 nr.
1694 3166 1743 3198 52.

439 3248 616 3280 charact.
665 3244 836 3274 Proboscis
873 3255 986 3284 magna
1020 3244 1240 3285 subglobosa,
1292 3247 1486 3274 uncinorum
1519 3242 1659 3273 seriebus
1696 3243 1866 3282 quinquen
1915 3242 2038 3273 collum
2073 3243 2283 3283 subnullum·,

605 3311 717 3339 corpus
740 3308 921 3330 anti-orsum
951 3307 982 3328 et
1003 3308 1174 3329 retrorsum
1203 3300 1415 3336 tumidulum,
1459 3299 1566 3328 medio
1587 3298 1740 3327 filiforme
1761 3297 1982 3328 constrictum,
2257 3298 2260 3301 ’

437 3388 533 3419 Ηῡῐ).
578 3386 618 3414 In
646 3386 840 3414 mesenterio
871 3385 1062 3413 Erinacei
1092 3385 1300 3422 europaei.

507 3469 745 3515 Descript.
797 3468 950 3504 Aestate
969 3469 1088 3504 semel
1107 3475 1291 3516 repertus,
1315 3480 1381 3503 sex
1406 3468 1451 3503 ad
1475 3466 1672 3503 duodecim
1699 3478 1814 3514 usque
1836 3467 1954 3503 lineas
1971 3468 2103 3517 longus
2120 3466 2282 3515 albidus3

358 3535 543 3585 proboscis
570 3544 708 3581 magna
735 3531 972 3580 subglobosa,
1000 3531 1123 3567 medio
1150 3532 1189 3567 in
1214 3532 1318 3579 apice
1343 3534 1474 3582 papilla
1500 3544 1615 3582 parva
1639 3531 1802 3567 suctoria
1825 3531 2030 3578 instructa,
2057 3531 2282 3570 uncinorum
