<?xml version="1.0" encoding="UTF-8"?>
<!DOCTYPE html PUBLIC "-//W3C//DTD XHTML 1.0 Transitional//EN"
    "http://www.w3.org/TR/xhtml1/DTD/xhtml1-transitional.dtd">
<html xmlns="http://www.w3.org/1999/xhtml" xml:lang="en" lang="en">
 <head>
  <title>
</title>
<meta http-equiv="Content-Type" content="text/html;charset=utf-8" />
  <meta name='ocr-system' content='tesseract 3.04.00' />
  <meta name='ocr-capabilities' content='ocr_page ocr_carea ocr_par ocr_line ocrx_word'/>
</head>
<body>
  <div class='ocr_page' id='page_1' title='image "./dehelminthibusac00west_0067.png"; bbox 0 0 2520 4031; ppageno 0'>
   <div class='ocr_carea' id='block_1_1' title="bbox 167 385 2131 1083">
    <p class='ocr_par' dir='ltr' id='par_1_1' title="bbox 167 385 2131 1083">
     <span class='ocr_line' id='line_1_1' title="bbox 333 385 2124 440; baseline -0.002 -11"><span class='ocrx_word' id='word_1_1' title='bbox 333 393 420 431; x_wconf 83' lang='lat' dir='ltr'>Alia</span> <span class='ocrx_word' id='word_1_2' title='bbox 441 391 591 429; x_wconf 89' lang='lat' dir='ltr'>omnino</span> <span class='ocrx_word' id='word_1_3' title='bbox 615 397 803 430; x_wconf 80' lang='lat' dir='ltr'><strong>structura</strong></span> <span class='ocrx_word' id='word_1_4' title='bbox 827 390 1050 440; x_wconf 81' lang='lat' dir='ltr'>genitalium</span> <span class='ocrx_word' id='word_1_5' title='bbox 1077 385 1391 435; x_wconf 80' lang='lat' dir='ltr'>Echinorhynchi</span> <span class='ocrx_word' id='word_1_6' title='bbox 1413 385 1640 435; x_wconf 81' lang='lat' dir='ltr'>porrigentis</span> <span class='ocrx_word' id='word_1_7' title='bbox 1672 389 1868 430; x_wconf 77' lang='lat' dir='ltr'><strong>foeminei.</strong></span> <span class='ocrx_word' id='word_1_8' title='bbox 1920 390 2003 428; x_wconf 87' lang='lat' dir='ltr'>Hoc</span> <span class='ocrx_word' id='word_1_9' title='bbox 2021 393 2124 430; x_wconf 80' lang='lat' dir='ltr'>enim</span> 
     </span>
     <span class='ocr_line' id='line_1_2' title="bbox 167 449 2123 506; baseline -0.002 -11"><span class='ocrx_word' id='word_1_10' title='bbox 167 465 331 498; x_wconf 73' lang='lat' dir='ltr'>‚resecto</span> <span class='ocrx_word' id='word_1_11' title='bbox 355 461 397 505; x_wconf 34' lang='lat'>1),</span> <span class='ocrx_word' id='word_1_12' title='bbox 423 457 496 494; x_wconf 85' lang='lat' dir='ltr'>tria</span> <span class='ocrx_word' id='word_1_13' title='bbox 528 457 632 505; x_wconf 83' lang='lat' dir='ltr'>quasi</span> <span class='ocrx_word' id='word_1_14' title='bbox 661 456 868 504; x_wconf 76' lang='lat' dir='ltr'>ligamenta</span> <span class='ocrx_word' id='word_1_15' title='bbox 897 455 1090 491; x_wconf 86' lang='lat' dir='ltr'>vasculosa</span> <span class='ocrx_word' id='word_1_16' title='bbox 1122 460 1241 489; x_wconf 83' lang='lat' dir='ltr'>totam</span> <span class='ocrx_word' id='word_1_17' title='bbox 1277 451 1441 498; x_wconf 88' lang='lat' dir='ltr'>corporis</span> <span class='ocrx_word' id='word_1_18' title='bbox 1474 449 1747 500; x_wconf 76' lang='lat' dir='ltr'>longitudinem</span> <span class='ocrx_word' id='word_1_19' title='bbox 1782 454 1946 502; x_wconf 82' lang='lat' dir='ltr'>petentia</span> <span class='ocrx_word' id='word_1_20' title='bbox 1973 455 2123 506; x_wconf 78' lang='lat' dir='ltr'>offendi,</span> 
     </span>
     <span class='ocr_line' id='line_1_3' title="bbox 186 515 2127 570; baseline -0.004 -12"><span class='ocrx_word' id='word_1_21' title='bbox 186 536 279 570; x_wconf 85' lang='lat' dir='ltr'>quae</span> <span class='ocrx_word' id='word_1_22' title='bbox 301 533 389 566; x_wconf 68' lang='lat' dir='ltr'>qum</span> <span class='ocrx_word' id='word_1_23' title='bbox 413 521 627 570; x_wconf 83' lang='lat' dir='ltr'>corporibus</span> <span class='ocrx_word' id='word_1_24' title='bbox 643 520 993 566; x_wconf 76' lang='lat' dir='ltr'>retortaeformibus</span> <span class='ocrx_word' id='word_1_25' title='bbox 1007 525 1135 554; x_wconf 81' lang='lat' dir='ltr'>‘totum</span> <span class='ocrx_word' id='word_1_26' title='bbox 1154 529 1287 564; x_wconf 87' lang='lat' dir='ltr'>corpus</span> <span class='ocrx_word' id='word_1_27' title='bbox 1303 515 1571 561; x_wconf 77' lang='lat' dir='ltr'>investienbus,</span> <span class='ocrx_word' id='word_1_28' title='bbox 1605 528 1626 552; x_wconf 89' lang='lat' dir='ltr'>a</span> <span class='ocrx_word' id='word_1_29' title='bbox 1648 527 1688 551; x_wconf 87' lang='lat' dir='ltr'>se</span> <span class='ocrx_word' id='word_1_30' title='bbox 1706 515 1745 550; x_wconf 85' lang='lat' dir='ltr'>in</span> <span class='ocrx_word' id='word_1_31' title='bbox 1760 518 1885 555; x_wconf 83' lang='lat' dir='ltr'>vicem</span> <span class='ocrx_word' id='word_1_32' title='bbox 1903 518 2127 558; x_wconf 75' lang='lat' dir='ltr'>distantibus</span> 
     </span>
     <span class='ocr_line' id='line_1_4' title="bbox 188 579 2127 633; baseline -0.005 -11"><span class='ocrx_word' id='word_1_33' title='bbox 188 594 225 622; x_wconf 85' lang='lat' dir='ltr'>et</span> <span class='ocrx_word' id='word_1_34' title='bbox 254 587 394 633; x_wconf 85' lang='lat' dir='ltr'>iterum</span> <span class='ocrx_word' id='word_1_35' title='bbox 425 587 522 622; x_wconf 75' lang='lat' dir='ltr'>telae</span> <span class='ocrx_word' id='word_1_36' title='bbox 555 583 752 621; x_wconf 78' lang='lat' dir='ltr'>cellulosae</span> <span class='ocrx_word' id='word_1_37' title='bbox 777 584 913 620; x_wconf 78' lang='lat' dir='ltr'>auxilio</span> <span class='ocrx_word' id='word_1_38' title='bbox 938 582 1171 628; x_wconf 83' lang='lat' dir='ltr'>conjunctis,</span> <span class='ocrx_word' id='word_1_39' title='bbox 1213 581 1432 619; x_wconf 68' lang='lat' dir='ltr'>cohaerent.</span> <span class='ocrx_word' id='word_1_40' title='bbox 1485 581 1595 616; x_wconf 82' lang='lat' dir='ltr'>Parte</span> <span class='ocrx_word' id='word_1_41' title='bbox 1627 579 1749 627; x_wconf 85' lang='lat' dir='ltr'>aliqua</span> <span class='ocrx_word' id='word_1_42' title='bbox 1769 582 1806 625; x_wconf 82' lang='lat'>2)</span> <span class='ocrx_word' id='word_1_43' title='bbox 1836 593 1907 618; x_wconf 79' lang='lat' dir='ltr'>una</span> <span class='ocrx_word' id='word_1_44' title='bbox 1940 596 2028 620; x_wconf 76' lang='lat' dir='ltr'>cum</span> <span class='ocrx_word' id='word_1_45' title='bbox 2052 584 2127 621; x_wconf 71' lang='lat' dir='ltr'>filis</span> 
     </span>
     <span class='ocr_line' id='line_1_5' title="bbox 188 643 2126 697; baseline -0.001 -11"><span class='ocrx_word' id='word_1_46' title='bbox 188 650 307 687; x_wconf 78' lang='lat' dir='ltr'>ablata</span> <span class='ocrx_word' id='word_1_47' title='bbox 325 657 376 685; x_wconf 82' lang='lat' dir='ltr'>-et</span> <span class='ocrx_word' id='word_1_48' title='bbox 405 650 507 686; x_wconf 83' lang='lat' dir='ltr'>lente</span> <span class='ocrx_word' id='word_1_49' title='bbox 531 655 698 697; x_wconf 37' lang='lat' dir='ltr'>augente,</span> <span class='ocrx_word' id='word_1_50' title='bbox 725 647 911 692; x_wconf 86' lang='lat' dir='ltr'>adhibita,</span> <span class='ocrx_word' id='word_1_51' title='bbox 953 658 1110 693; x_wconf 84' lang='lat' dir='ltr'>corpora</span> <span class='ocrx_word' id='word_1_52' title='bbox 1140 645 1235 681; x_wconf 83' lang='lat' dir='ltr'>haec</span> <span class='ocrx_word' id='word_1_53' title='bbox 1261 643 1566 680; x_wconf 81' lang='lat' dir='ltr'>retortaeformia</span> <span class='ocrx_word' id='word_1_54' title='bbox 1606 643 1772 680; x_wconf 87' lang='lat' dir='ltr'>ovaria</span> <span class='ocrx_word' id='word_1_55' title='bbox 1797 645 1833 688; x_wconf 76' lang='lat'>3)</span> <span class='ocrx_word' id='word_1_56' title='bbox 1867 656 1948 680; x_wconf 81' lang='lat' dir='ltr'>esse</span> <span class='ocrx_word' id='word_1_57' title='bbox 1974 647 2126 694; x_wconf 73' lang='lat' dir='ltr'>offendi,</span> 
     </span>
     <span class='ocr_line' id='line_1_6' title="bbox 188 706 2127 757; baseline -0.003 -7"><span class='ocrx_word' id='word_1_58' title='bbox 188 714 297 750; x_wconf 82' lang='lat' dir='ltr'>ovula</span> <span class='ocrx_word' id='word_1_59' title='bbox 320 714 422 750; x_wconf 84' lang='lat' dir='ltr'>enim</span> <span class='ocrx_word' id='word_1_60' title='bbox 446 712 671 752; x_wconf 84' lang='lat' dir='ltr'>subrotunda</span> <span class='ocrx_word' id='word_1_61' title='bbox 696 719 773 748; x_wconf 87' lang='lat' dir='ltr'>tota</span> <span class='ocrx_word' id='word_1_62' title='bbox 795 712 855 747; x_wconf 87' lang='lat' dir='ltr'>vel</span> <span class='ocrx_word' id='word_1_63' title='bbox 881 708 1148 757; x_wconf 80' lang='lat' dir='ltr'>subsphaerioa</span> <span class='ocrx_word' id='word_1_64' title='bbox 1176 707 1342 755; x_wconf 82' lang='lat' dir='ltr'>apicibus</span> <span class='ocrx_word' id='word_1_65' title='bbox 1365 714 1513 744; x_wconf 85' lang='lat' dir='ltr'>tantum</span> <span class='ocrx_word' id='word_1_66' title='bbox 1535 707 1608 743; x_wconf 89' lang='lat' dir='ltr'>illis</span> <span class='ocrx_word' id='word_1_67' title='bbox 1634 707 1861 747; x_wconf 57' lang='lat' dir='ltr'>inhaerenu</span> <span class='ocrx_word' id='word_1_68' title='bbox 1901 706 2127 748; x_wconf 82' lang='lat' dir='ltr'>Ovariorum</span> 
     </span>
     <span class='ocr_line' id='line_1_7' title="bbox 186 771 2128 822; baseline -0.004 -7"><span class='ocrx_word' id='word_1_69' title='bbox 186 778 285 814; x_wconf 82' lang='lat' dir='ltr'>haud</span> <span class='ocrx_word' id='word_1_70' title='bbox 307 776 627 814; x_wconf 82' lang='lat' dir='ltr'>numerandorum</span> <span class='ocrx_word' id='word_1_71' title='bbox 646 788 764 811; x_wconf 88' lang='lat' dir='ltr'>unum</span> <span class='ocrx_word' id='word_1_72' title='bbox 784 774 952 822; x_wconf 84' lang='lat' dir='ltr'>quodque</span> <span class='ocrx_word' id='word_1_73' title='bbox 972 785 1062 810; x_wconf 86' lang='lat' dir='ltr'>cum</span> <span class='ocrx_word' id='word_1_74' title='bbox 1082 772 1142 808; x_wconf 90' lang='lat' dir='ltr'>filo</span> <span class='ocrx_word' id='word_1_75' title='bbox 1167 772 1234 808; x_wconf 79' lang='lat' dir='ltr'>tali</span> <span class='ocrx_word' id='word_1_76' title='bbox 1255 773 1447 808; x_wconf 86' lang='lat' dir='ltr'>vasculoso</span> <span class='ocrx_word' id='word_1_77' title='bbox 1474 771 1672 815; x_wconf 80' lang='lat' dir='ltr'>cohaeret,</span> <span class='ocrx_word' id='word_1_78' title='bbox 1701 778 1738 807; x_wconf 85' lang='lat' dir='ltr'>et</span> <span class='ocrx_word' id='word_1_79' title='bbox 1757 771 1884 807; x_wconf 86' lang='lat' dir='ltr'>omnia</span> <span class='ocrx_word' id='word_1_80' title='bbox 1910 771 2001 821; x_wconf 81' lang='lat' dir='ltr'>duas</span> <span class='ocrx_word' id='word_1_81' title='bbox 2023 778 2128 820; x_wconf 79' lang='lat' dir='ltr'>quasi</span> 
     </span>
     <span class='ocr_line' id='line_1_8' title="bbox 174 835 2127 887; baseline -0.001 -11"><span class='ocrx_word' id='word_1_82' title='bbox 174 843 306 881; x_wconf 67' lang='lat' dir='ltr'>,series</span> <span class='ocrx_word' id='word_1_83' title='bbox 334 842 522 886; x_wconf 86' lang='lat' dir='ltr'>formant,</span> <span class='ocrx_word' id='word_1_84' title='bbox 572 851 732 887; x_wconf 88' lang='lat' dir='ltr'>quarum</span> <span class='ocrx_word' id='word_1_85' title='bbox 771 851 939 886; x_wconf 86' lang='lat' dir='ltr'>quaeque</span> <span class='ocrx_word' id='word_1_86' title='bbox 980 845 1135 886; x_wconf 84' lang='lat' dir='ltr'>utroque</span> <span class='ocrx_word' id='word_1_87' title='bbox 1175 837 1214 872; x_wconf 90' lang='lat' dir='ltr'>in</span> <span class='ocrx_word' id='word_1_88' title='bbox 1251 837 1370 872; x_wconf 82' lang='lat' dir='ltr'>latere</span> <span class='ocrx_word' id='word_1_89' title='bbox 1402 849 1468 883; x_wconf 88' lang='lat' dir='ltr'>ope</span> <span class='ocrx_word' id='word_1_90' title='bbox 1499 835 1698 885; x_wconf 76' lang='lat' dir='ltr'>ligamenti</span> <span class='ocrx_word' id='word_1_91' title='bbox 1736 835 1836 872; x_wconf 88' lang='lat' dir='ltr'>fibris</span> <span class='ocrx_word' id='word_1_92' title='bbox 1872 838 2127 875; x_wconf 75' lang='lat' dir='ltr'>annullaribus</span> 
     </span>
     <span class='ocr_line' id='line_1_9' title="bbox 188 899 2128 951; baseline -0.002 -9"><span class='ocrx_word' id='word_1_93' title='bbox 188 906 408 944; x_wconf 83' lang='lat' dir='ltr'>musculosis</span> <span class='ocrx_word' id='word_1_94' title='bbox 445 904 722 951; x_wconf 82' lang='lat' dir='ltr'>subjacentibus</span> <span class='ocrx_word' id='word_1_95' title='bbox 752 903 894 939; x_wconf 86' lang='lat' dir='ltr'>adnexa</span> <span class='ocrx_word' id='word_1_96' title='bbox 922 907 957 947; x_wconf 77' lang='lat'>4)</span> <span class='ocrx_word' id='word_1_97' title='bbox 994 910 1050 939; x_wconf 86' lang='lat' dir='ltr'>est</span> <span class='ocrx_word' id='word_1_98' title='bbox 1063 928 1075 947; x_wconf 82' lang='grc'>,</span> <span class='ocrx_word' id='word_1_99' title='bbox 1128 908 1164 938; x_wconf 87' lang='lat' dir='ltr'>et</span> <span class='ocrx_word' id='word_1_100' title='bbox 1197 900 1346 939; x_wconf 79' lang='lat' dir='ltr'>inferne</span> <span class='ocrx_word' id='word_1_101' title='bbox 1387 913 1476 936; x_wconf 85' lang='lat' dir='ltr'>cum</span> <span class='ocrx_word' id='word_1_102' title='bbox 1521 911 1639 935; x_wconf 81' lang='lat' dir='ltr'>cornu</span> <span class='ocrx_word' id='word_1_103' title='bbox 1680 899 1778 934; x_wconf 87' lang='lat' dir='ltr'>uteri</span> <span class='ocrx_word' id='word_1_104' title='bbox 1824 900 1901 946; x_wconf 84' lang='lat' dir='ltr'>jam</span> <span class='ocrx_word' id='word_1_105' title='bbox 1944 900 2128 951; x_wconf 79' lang='lat' dir='ltr'>descripto</span> 
     </span>
     <span class='ocr_line' id='line_1_10' title="bbox 187 963 2131 1016; baseline -0.001 -9"><span class='ocrx_word' id='word_1_106' title='bbox 187 970 458 1009; x_wconf 83' lang='lat' dir='ltr'>communicat.</span> <span class='ocrx_word' id='word_1_107' title='bbox 519 967 610 1004; x_wconf 86' lang='lat' dir='ltr'>Ova</span> <span class='ocrx_word' id='word_1_108' title='bbox 646 968 727 1016; x_wconf 89' lang='lat' dir='ltr'>ipsa</span> <span class='ocrx_word' id='word_1_109' title='bbox 757 967 895 1003; x_wconf 87' lang='lat' dir='ltr'>ovariis</span> <span class='ocrx_word' id='word_1_110' title='bbox 933 968 1079 1004; x_wconf 82' lang='lat' dir='ltr'>inclusa</span> <span class='ocrx_word' id='word_1_111' title='bbox 1109 966 1264 1015; x_wconf 82' lang='lat' dir='ltr'>oblonga</span> <span class='ocrx_word' id='word_1_112' title='bbox 1272 991 1285 1010; x_wconf 90' lang='lat'>,</span> <span class='ocrx_word' id='word_1_113' title='bbox 1333 971 1441 1003; x_wconf 79' lang='lat' dir='ltr'>utero</span> <span class='ocrx_word' id='word_1_114' title='bbox 1472 976 1563 1001; x_wconf 86' lang='lat' dir='ltr'>vero</span> <span class='ocrx_word' id='word_1_115' title='bbox 1596 970 1772 1001; x_wconf 83' lang='lat' dir='ltr'>contenta</span> <span class='ocrx_word' id='word_1_116' title='bbox 1802 963 2068 1013; x_wconf 81' lang='lat' dir='ltr'>subsphaerica</span> <span class='ocrx_word' id='word_1_117' title='bbox 2094 972 2131 1014; x_wconf 76' lang='lat'>5)</span> 
     </span>
     <span class='ocr_line' id='line_1_11' title="bbox 190 1031 1116 1083; baseline -0.002 -11"><span class='ocrx_word' id='word_1_118' title='bbox 190 1036 362 1083; x_wconf 83' lang='lat' dir='ltr'>clareque</span> <span class='ocrx_word' id='word_1_119' title='bbox 389 1033 606 1082; x_wconf 85' lang='lat' dir='ltr'>embryonis</span> <span class='ocrx_word' id='word_1_120' title='bbox 632 1032 852 1071; x_wconf 80' lang='lat' dir='ltr'>rudimenta</span> <span class='ocrx_word' id='word_1_121' title='bbox 877 1031 1086 1073; x_wconf 80' lang='lat' dir='ltr'>includunt.</span> <span class='ocrx_word' id='word_1_122' title='bbox 1114 1070 1116 1072; x_wconf 86' lang='grc'><strong>,</strong></span> 
     </span>
    </p>
   </div>
   <div class='ocr_carea' id='block_1_2' title="bbox 822 1301 1499 1350">
    <p class='ocr_par' dir='ltr' id='par_1_2' title="bbox 822 1301 1499 1350">
     <span class='ocr_line' id='line_1_12' title="bbox 822 1301 1499 1350; baseline -0.001 -13"><span class='ocrx_word' id='word_1_123' title='bbox 822 1301 1043 1350; x_wconf 84' lang='lat' dir='ltr'>Caput</span> <span class='ocrx_word' id='word_1_124' title='bbox 1103 1302 1499 1341; x_wconf 70' lang='lat' dir='ltr'>secundum,</span> 
     </span>
    </p>
   </div>
   <div class='ocr_carea' id='block_1_3' title="bbox 429 1372 1869 1467">
    <p class='ocr_par' dir='ltr' id='par_1_3' title="bbox 429 1372 1869 1467">
     <span class='ocr_line' id='line_1_13' title="bbox 429 1372 1869 1467; baseline -0.001 -22"><span class='ocrx_word' id='word_1_125' title='bbox 429 1387 940 1467; x_wconf 79' lang='lat' dir='ltr'>Physiologi‘a</span> <span class='ocrx_word' id='word_1_126' title='bbox 1013 1372 1869 1464; x_wconf 80' lang='lat' dir='ltr'>Acanthocephalorum</span> 
     </span>
    </p>
   </div>
   <div class='ocr_carea' id='block_1_4' title="bbox 191 1585 2140 1956">
    <p class='ocr_par' dir='ltr' id='par_1_4' title="bbox 191 1585 2140 1956">
     <span class='ocr_line' id='line_1_14' title="bbox 339 1585 2138 1636; baseline 0.001 -12"><span class='ocrx_word' id='word_1_127' title='bbox 339 1588 471 1624; x_wconf 81' lang='lat' dir='ltr'><strong>Finitis</strong></span> <span class='ocrx_word' id='word_1_128' title='bbox 499 1585 884 1623; x_wconf 83' lang='lat' dir='ltr'>animadversionibus</span> <span class='ocrx_word' id='word_1_129' title='bbox 911 1585 950 1620; x_wconf 89' lang='lat' dir='ltr'>in</span> <span class='ocrx_word' id='word_1_130' title='bbox 977 1591 1210 1621; x_wconf 81' lang='lat' dir='ltr'>structuram</span> <span class='ocrx_word' id='word_1_131' title='bbox 1239 1585 1495 1621; x_wconf 81' lang='lat' dir='ltr'>anatomicam</span> <span class='ocrx_word' id='word_1_132' title='bbox 1521 1585 1954 1636; x_wconf 82' lang='lat' dir='ltr'>Echinorhynchorum,</span> <span class='ocrx_word' id='word_1_133' title='bbox 1999 1600 2138 1635; x_wconf 86' lang='lat' dir='ltr'>paucas</span> 
     </span>
     <span class='ocr_line' id='line_1_15' title="bbox 191 1649 2139 1699; baseline 0.001 -11"><span class='ocrx_word' id='word_1_134' title='bbox 191 1652 313 1689; x_wconf 80' lang='lat' dir='ltr'>adhuc</span> <span class='ocrx_word' id='word_1_135' title='bbox 347 1652 392 1687; x_wconf 82' lang='lat' dir='ltr'>de</span> <span class='ocrx_word' id='word_1_136' title='bbox 429 1664 498 1687; x_wconf 88' lang='lat' dir='ltr'>usu</span> <span class='ocrx_word' id='word_1_137' title='bbox 530 1650 700 1699; x_wconf 83' lang='lat' dir='ltr'>partium</span> <span class='ocrx_word' id='word_1_138' title='bbox 735 1649 1010 1696; x_wconf 82' lang='lat' dir='ltr'>descriptarum</span> <span class='ocrx_word' id='word_1_139' title='bbox 1045 1649 1252 1697; x_wconf 68' lang='lat' dir='ltr'>proferam,</span> <span class='ocrx_word' id='word_1_140' title='bbox 1314 1650 1371 1686; x_wconf 87' lang='lat' dir='ltr'>Ex</span> <span class='ocrx_word' id='word_1_141' title='bbox 1407 1649 1516 1686; x_wconf 84' lang='lat' dir='ltr'>dictis</span> <span class='ocrx_word' id='word_1_142' title='bbox 1556 1650 1727 1698; x_wconf 85' lang='lat' dir='ltr'>apparuit</span> <span class='ocrx_word' id='word_1_143' title='bbox 1761 1651 2020 1688; x_wconf 82' lang='lat' dir='ltr'>oeconomiam</span> <span class='ocrx_word' id='word_1_144' title='bbox 2055 1667 2139 1690; x_wconf 84' lang='lat' dir='ltr'>ver-</span> 
     </span>
     <span class='ocr_line' id='line_1_16' title="bbox 191 1712 2137 1764; baseline 0.002 -12"><span class='ocrx_word' id='word_1_145' title='bbox 191 1717 314 1752; x_wconf 87' lang='lat' dir='ltr'>mium</span> <span class='ocrx_word' id='word_1_146' title='bbox 338 1716 506 1762; x_wconf 65' lang='lat' dir='ltr'>fflorum,</span> <span class='ocrx_word' id='word_1_147' title='bbox 558 1715 784 1763; x_wconf 81' lang='lat' dir='ltr'>praesertim</span> <span class='ocrx_word' id='word_1_148' title='bbox 817 1715 856 1749; x_wconf 88' lang='lat' dir='ltr'>in</span> <span class='ocrx_word' id='word_1_149' title='bbox 889 1713 1077 1749; x_wconf 81' lang='lat' dir='ltr'>intestinis</span> <span class='ocrx_word' id='word_1_150' title='bbox 1113 1712 1251 1749; x_wconf 67' lang='lat' dir='ltr'>avium&#39;</span> <span class='ocrx_word' id='word_1_151' title='bbox 1276 1721 1313 1749; x_wconf 87' lang='lat' dir='ltr'>et</span> <span class='ocrx_word' id='word_1_152' title='bbox 1346 1714 1510 1762; x_wconf 88' lang='lat' dir='ltr'>piscium</span> <span class='ocrx_word' id='word_1_153' title='bbox 1546 1714 1764 1760; x_wconf 87' lang='lat' dir='ltr'>obviorum,</span> <span class='ocrx_word' id='word_1_154' title='bbox 1812 1715 2137 1764; x_wconf 78' lang='lat' dir='ltr'>simplicissimam</span> 
     </span>
     <span class='ocr_line' id='line_1_17' title="bbox 195 1778 2140 1830; baseline 0.001 -13"><span class='ocrx_word' id='word_1_155' title='bbox 195 1781 458 1830; x_wconf 28' lang='lat' dir='ltr'>esserdebere,</span> <span class='ocrx_word' id='word_1_156' title='bbox 502 1791 600 1815; x_wconf 49' lang='lat' dir='ltr'>cum&gt;</span> <span class='ocrx_word' id='word_1_157' title='bbox 620 1779 694 1814; x_wconf 84' lang='lat' dir='ltr'>illis</span> <span class='ocrx_word' id='word_1_158' title='bbox 719 1786 798 1814; x_wconf 86' lang='lat' dir='ltr'>tam</span> <span class='ocrx_word' id='word_1_159' title='bbox 825 1779 945 1814; x_wconf 85' lang='lat' dir='ltr'>multa</span> <span class='ocrx_word' id='word_1_160' title='bbox 972 1789 1111 1826; x_wconf 78' lang='lat' dir='ltr'>organa</span> <span class='ocrx_word' id='word_1_161' title='bbox 1137 1778 1176 1814; x_wconf 87' lang='lat' dir='ltr'>in</span> <span class='ocrx_word' id='word_1_162' title='bbox 1203 1778 1355 1825; x_wconf 77' lang='lat' dir='ltr'>reliquis</span> <span class='ocrx_word' id='word_1_163' title='bbox 1383 1779 1668 1815; x_wconf 78' lang='lat' dir='ltr'>Helminthibus</span> <span class='ocrx_word' id='word_1_164' title='bbox 1696 1779 1804 1815; x_wconf 87' lang='lat' dir='ltr'>obvia</span> <span class='ocrx_word' id='word_1_165' title='bbox 1832 1779 1982 1830; x_wconf 76' lang='lat' dir='ltr'>desunt5</span> <span class='ocrx_word' id='word_1_166' title='bbox 2028 1795 2140 1820; x_wconf 81' lang='lat' dir='ltr'>usum</span> 
     </span>
     <span class='ocr_line' id='line_1_18' title="bbox 193 1836 2139 1894; baseline 0.001 -13"><span class='ocrx_word' id='word_1_167' title='bbox 193 1845 449 1894; x_wconf 83' lang='lat' dir='ltr'>praesentium</span> <span class='ocrx_word' id='word_1_168' title='bbox 477 1851 604 1879; x_wconf 85' lang='lat' dir='ltr'>autem</span> <span class='ocrx_word' id='word_1_169' title='bbox 631 1850 736 1878; x_wconf 75' lang='lat' dir='ltr'>recte</span> <span class='ocrx_word' id='word_1_170' title='bbox 766 1843 975 1892; x_wconf 75' lang='lat' dir='ltr'>explicare,</span> <span class='ocrx_word' id='word_1_171' title='bbox 1028 1842 1208 1878; x_wconf 79' lang='lat' dir='ltr'>maximis</span> <span class='ocrx_word' id='word_1_172' title='bbox 1236 1850 1276 1877; x_wconf 86' lang='lat' dir='ltr'>ut</span> <span class='ocrx_word' id='word_1_173' title='bbox 1310 1836 1407 1878; x_wconf 72' lang='lat' dir='ltr'>milii</span> <span class='ocrx_word' id='word_1_174' title='bbox 1440 1843 1590 1879; x_wconf 84' lang='lat' dir='ltr'>videtur</span> <span class='ocrx_word' id='word_1_175' title='bbox 1622 1843 1810 1891; x_wconf 84' lang='lat' dir='ltr'>premitur</span> <span class='ocrx_word' id='word_1_176' title='bbox 1844 1843 2139 1893; x_wconf 75' lang='lat' dir='ltr'>difficultatibus,</span> 
     </span>
     <span class='ocr_line' id='line_1_19' title="bbox 195 1906 2061 1956; baseline -0.001 -11"><span class='ocrx_word' id='word_1_177' title='bbox 195 1917 232 1945; x_wconf 87' lang='lat' dir='ltr'>et</span> <span class='ocrx_word' id='word_1_178' title='bbox 256 1909 355 1945; x_wconf 87' lang='lat' dir='ltr'>mihi</span> <span class='ocrx_word' id='word_1_179' title='bbox 382 1921 427 1944; x_wconf 75' lang='lat' dir='ltr'>ex</span> <span class='ocrx_word' id='word_1_180' title='bbox 455 1907 581 1943; x_wconf 86' lang='lat' dir='ltr'>animo</span> <span class='ocrx_word' id='word_1_181' title='bbox 608 1907 845 1956; x_wconf 79' lang='lat' dir='ltr'>gratulabor,</span> <span class='ocrx_word' id='word_1_182' title='bbox 899 1906 931 1942; x_wconf 88' lang='lat' dir='ltr'>si</span> <span class='ocrx_word' id='word_1_183' title='bbox 957 1908 1098 1954; x_wconf 84' lang='lat' dir='ltr'>prolata</span> <span class='ocrx_word' id='word_1_184' title='bbox 1126 1907 1393 1955; x_wconf 80' lang='lat' dir='ltr'>aliquantisper</span> <span class='ocrx_word' id='word_1_185' title='bbox 1419 1907 1680 1944; x_wconf 85' lang='lat' dir='ltr'>tantummodo</span> <span class='ocrx_word' id='word_1_186' title='bbox 1707 1908 1754 1945; x_wconf 87' lang='lat' dir='ltr'>L.</span> <span class='ocrx_word' id='word_1_187' title='bbox 1776 1909 1819 1947; x_wconf 82' lang='grc' dir='ltr'>Β.</span> <span class='ocrx_word' id='word_1_188' title='bbox 1848 1908 2061 1950; x_wconf 70' lang='lat' dir='ltr'>arriserint,</span> 
     </span>
    </p>
   </div>
   <div class='ocr_carea' id='block_1_5' title="bbox 641 2017 1687 2093">
    <p class='ocr_par' dir='ltr' id='par_1_5' title="bbox 641 2017 1687 2093">
     <span class='ocr_line' id='line_1_20' title="bbox 641 2017 1687 2093; baseline 0.002 -16"><span class='ocrx_word' id='word_1_189' title='bbox 641 2038 864 2078; x_wconf 80' lang='lat' dir='ltr'>Motus</span> <span class='ocrx_word' id='word_1_190' title='bbox 924 2017 1687 2093; x_wconf 50' lang='lat' dir='ltr'>Echinorh}nchorum.</span> 
     </span>
    </p>
   </div>
   <div class='ocr_carea' id='block_1_6' title="bbox 194 2107 2148 2949">
    <p class='ocr_par' dir='ltr' id='par_1_6' title="bbox 194 2107 2148 2949">
     <span class='ocr_line' id='line_1_21' title="bbox 345 2107 2141 2173; baseline 0.002 -14"><span class='ocrx_word' id='word_1_191' title='bbox 345 2122 522 2172; x_wconf 81' lang='lat' dir='ltr'>Corporis</span> <span class='ocrx_word' id='word_1_192' title='bbox 556 2122 804 2173; x_wconf 80' lang='lat' dir='ltr'>membranae</span> <span class='ocrx_word' id='word_1_193' title='bbox 840 2122 1010 2159; x_wconf 85' lang='lat' dir='ltr'>internae</span> <span class='ocrx_word' id='word_1_194' title='bbox 1050 2136 1096 2159; x_wconf 86' lang='lat' dir='ltr'>ex</span> <span class='ocrx_word' id='word_1_195' title='bbox 1128 2107 1231 2159; x_wconf 77' lang='lat' dir='ltr'>fibris</span> <span class='ocrx_word' id='word_1_196' title='bbox 1267 2124 1728 2165; x_wconf 86' lang='lat' dir='ltr'>musculoso-tendinosis</span> <span class='ocrx_word' id='word_1_197' title='bbox 1747 2149 1759 2168; x_wconf 86' lang='lat'>,</span> <span class='ocrx_word' id='word_1_198' title='bbox 1812 2130 1854 2158; x_wconf 85' lang='lat' dir='ltr'>ut</span> <span class='ocrx_word' id='word_1_199' title='bbox 1889 2136 2001 2171; x_wconf 87' lang='lat' dir='ltr'>supra</span> <span class='ocrx_word' id='word_1_200' title='bbox 2039 2126 2141 2162; x_wconf 82' lang='lat' dir='ltr'>exhi-</span> 
     </span>
     <span class='ocr_line' id='line_1_22' title="bbox 194 2182 2142 2237; baseline -0.002 -13"><span class='ocrx_word' id='word_1_201' title='bbox 194 2188 259 2224; x_wconf 91' lang='lat' dir='ltr'>bui</span> <span class='ocrx_word' id='word_1_202' title='bbox 286 2196 477 2234; x_wconf 83' lang='lat' dir='ltr'>constant,</span> <span class='ocrx_word' id='word_1_203' title='bbox 532 2195 569 2223; x_wconf 91' lang='lat' dir='ltr'>et</span> <span class='ocrx_word' id='word_1_204' title='bbox 595 2187 667 2223; x_wconf 91' lang='lat' dir='ltr'>hae</span> <span class='ocrx_word' id='word_1_205' title='bbox 693 2199 767 2223; x_wconf 89' lang='lat' dir='ltr'>una</span> <span class='ocrx_word' id='word_1_206' title='bbox 794 2199 883 2223; x_wconf 87' lang='lat' dir='ltr'>cum</span> <span class='ocrx_word' id='word_1_207' title='bbox 909 2188 1091 2223; x_wconf 83' lang='lat' dir='ltr'>musculis</span> <span class='ocrx_word' id='word_1_208' title='bbox 1118 2188 1277 2236; x_wconf 82' lang='lat' dir='ltr'>propriis</span> <span class='ocrx_word' id='word_1_209' title='bbox 1304 2182 1472 2237; x_wconf 86' lang='lat' dir='ltr'>partium</span> <span class='ocrx_word' id='word_1_210' title='bbox 1498 2188 1760 2233; x_wconf 84' lang='lat' dir='ltr'>internarum,</span> <span class='ocrx_word' id='word_1_211' title='bbox 1814 2195 1939 2223; x_wconf 89' lang='lat' dir='ltr'>motus</span> <span class='ocrx_word' id='word_1_212' title='bbox 1965 2188 2004 2223; x_wconf 90' lang='lat' dir='ltr'>in</span> <span class='ocrx_word' id='word_1_213' title='bbox 2029 2189 2142 2227; x_wconf 76' lang='lat' dir='ltr'>Echi-</span> 
     </span>
     <span class='ocr_line' id='line_1_23' title="bbox 198 2240 2143 2302; baseline 0.001 -14"><span class='ocrx_word' id='word_1_214' title='bbox 198 2252 431 2302; x_wconf 84' lang='lat' dir='ltr'>norhynchis</span> <span class='ocrx_word' id='word_1_215' title='bbox 466 2240 605 2288; x_wconf 27' lang='lat' dir='ltr'>obvios*</span> <span class='ocrx_word' id='word_1_216' title='bbox 627 2251 753 2292; x_wconf 76' lang='lat' dir='ltr'>edunt,</span> <span class='ocrx_word' id='word_1_217' title='bbox 828 2251 1042 2288; x_wconf 89' lang='lat' dir='ltr'>Amborum</span> <span class='ocrx_word' id='word_1_218' title='bbox 1075 2252 1200 2297; x_wconf 85' lang='lat' dir='ltr'>enim,</span> <span class='ocrx_word' id='word_1_219' title='bbox 1252 2259 1331 2288; x_wconf 85' lang='lat' dir='ltr'>tam</span> <span class='ocrx_word' id='word_1_220' title='bbox 1375 2254 1657 2297; x_wconf 85' lang='lat' dir='ltr'>musculorum,</span> <span class='ocrx_word' id='word_1_221' title='bbox 1711 2264 1825 2298; x_wconf 84' lang='lat' dir='ltr'>quam</span> <span class='ocrx_word' id='word_1_222' title='bbox 1845 2252 2047 2288; x_wconf 77' lang='lat' dir='ltr'>&#39;fibrarum</span> <span class='ocrx_word' id='word_1_223' title='bbox 2085 2255 2143 2292; x_wconf 88' lang='lat' dir='ltr'>vis</span> 
     </span>
     <span class='ocr_line' id='line_1_24' title="bbox 194 2306 2145 2369; baseline 0.001 -16"><span class='ocrx_word' id='word_1_224' title='bbox 194 2317 393 2369; x_wconf 86' lang='lat' dir='ltr'>irritabilis</span> <span class='ocrx_word' id='word_1_225' title='bbox 429 2306 488 2352; x_wconf 85' lang='lat' dir='ltr'>vel</span> <span class='ocrx_word' id='word_1_226' title='bbox 524 2316 815 2361; x_wconf 84' lang='lat' dir='ltr'>contractilitas,</span> <span class='ocrx_word' id='word_1_227' title='bbox 869 2323 1021 2364; x_wconf 88' lang='lat' dir='ltr'>praeter</span> <span class='ocrx_word' id='word_1_228' title='bbox 1055 2328 1167 2363; x_wconf 88' lang='lat' dir='ltr'>quam</span> <span class='ocrx_word' id='word_1_229' title='bbox 1202 2316 1329 2353; x_wconf 81' lang='lat' dir='ltr'>forsan</span> <span class='ocrx_word' id='word_1_230' title='bbox 1357 2325 1394 2353; x_wconf 84' lang='lat' dir='ltr'>et</span> <span class='ocrx_word' id='word_1_231' title='bbox 1417 2318 1473 2353; x_wconf 88' lang='lat' dir='ltr'>vis</span> <span class='ocrx_word' id='word_1_232' title='bbox 1501 2329 1642 2353; x_wconf 85' lang='lat' dir='ltr'>nervea</span> <span class='ocrx_word' id='word_1_233' title='bbox 1677 2316 1912 2355; x_wconf 82' lang='lat' dir='ltr'>membranis</span> <span class='ocrx_word' id='word_1_234' title='bbox 1939 2317 2145 2356; x_wconf 81' lang='lat' dir='ltr'>intertexta</span> 
     </span>
     <span class='ocr_line' id='line_1_25' title="bbox 200 2373 2145 2431; baseline 0.001 -15"><span class='ocrx_word' id='word_1_235' title='bbox 200 2393 244 2418; x_wconf 89' lang='lat' dir='ltr'>ac</span> <span class='ocrx_word' id='word_1_236' title='bbox 271 2373 517 2426; x_wconf 69' lang='lat' dir='ltr'>immixta&#39;6)‚</span> <span class='ocrx_word' id='word_1_237' title='bbox 572 2388 677 2416; x_wconf 74' lang='lat' dir='ltr'>extra</span> <span class='ocrx_word' id='word_1_238' title='bbox 704 2380 826 2416; x_wconf 87' lang='lat' dir='ltr'>omnis</span> <span class='ocrx_word' id='word_1_239' title='bbox 854 2380 1091 2417; x_wconf 84' lang='lat' dir='ltr'>dubitationis</span> <span class='ocrx_word' id='word_1_240' title='bbox 1119 2382 1242 2416; x_wconf 88' lang='lat' dir='ltr'>aleam</span> <span class='ocrx_word' id='word_1_241' title='bbox 1268 2381 1388 2428; x_wconf 85' lang='lat' dir='ltr'>posita</span> <span class='ocrx_word' id='word_1_242' title='bbox 1414 2389 1489 2427; x_wconf 85' lang='lat' dir='ltr'>est,</span> <span class='ocrx_word' id='word_1_243' title='bbox 1542 2381 1582 2416; x_wconf 91' lang='lat' dir='ltr'>in</span> <span class='ocrx_word' id='word_1_244' title='bbox 1609 2393 1726 2427; x_wconf 84' lang='lat' dir='ltr'>eaque</span> <span class='ocrx_word' id='word_1_245' title='bbox 1754 2381 1904 2431; x_wconf 75' lang='lat' dir='ltr'>organis</span> <span class='ocrx_word' id='word_1_246' title='bbox 1938 2380 2048 2417; x_wconf 85' lang='lat' dir='ltr'>dictis</span> <span class='ocrx_word' id='word_1_247' title='bbox 2079 2384 2145 2418; x_wconf 84' lang='lat' dir='ltr'>tri-</span> 
     </span>
     <span class='ocr_line' id='line_1_26' title="bbox 199 2445 2144 2492; baseline 0.001 -11"><span class='ocrx_word' id='word_1_248' title='bbox 199 2445 345 2481; x_wconf 86' lang='lat' dir='ltr'>buendo</span> <span class='ocrx_word' id='word_1_249' title='bbox 381 2457 510 2480; x_wconf 82' lang='lat' dir='ltr'>omnes</span> <span class='ocrx_word' id='word_1_250' title='bbox 543 2453 714 2481; x_wconf 87' lang='lat' dir='ltr'>auctores</span> <span class='ocrx_word' id='word_1_251' title='bbox 750 2446 1006 2491; x_wconf 86' lang='lat' dir='ltr'>consentiunt,</span> <span class='ocrx_word' id='word_1_252' title='bbox 1060 2452 1143 2481; x_wconf 86' lang='lat' dir='ltr'>tum</span> <span class='ocrx_word' id='word_1_253' title='bbox 1178 2458 1223 2481; x_wconf 85' lang='lat' dir='ltr'>ex</span> <span class='ocrx_word' id='word_1_254' title='bbox 1264 2446 1458 2482; x_wconf 84' lang='lat' dir='ltr'>vivacibus</span> <span class='ocrx_word' id='word_1_255' title='bbox 1499 2451 1536 2480; x_wconf 86' lang='lat' dir='ltr'>et</span> <span class='ocrx_word' id='word_1_256' title='bbox 1568 2446 1789 2492; x_wconf 80' lang='lat' dir='ltr'>voluntariis</span> <span class='ocrx_word' id='word_1_257' title='bbox 1832 2445 1994 2481; x_wconf 86' lang='lat' dir='ltr'>motibus</span> <span class='ocrx_word' id='word_1_258' title='bbox 2032 2446 2144 2482; x_wconf 76' lang='lat' dir='ltr'>Echi-</span> 
     </span>
     <span class='ocr_line' id='line_1_27' title="bbox 196 2495 2146 2561; baseline 0 -16"><span class='ocrx_word' id='word_1_259' title='bbox 196 2495 534 2560; x_wconf 49' lang='lat' dir='ltr'>³norhynchorum,</span> <span class='ocrx_word' id='word_1_260' title='bbox 564 2516 645 2545; x_wconf 87' lang='lat' dir='ltr'>tum</span> <span class='ocrx_word' id='word_1_261' title='bbox 674 2523 720 2545; x_wconf 78' lang='lat' dir='ltr'>ex</span> <span class='ocrx_word' id='word_1_262' title='bbox 745 2510 849 2561; x_wconf 74' lang='lat' dir='ltr'>rugis</span> <span class='ocrx_word' id='word_1_263' title='bbox 877 2510 1136 2558; x_wconf 84' lang='lat' dir='ltr'>stricturisque</span> <span class='ocrx_word' id='word_1_264' title='bbox 1164 2509 1252 2545; x_wconf 86' lang='lat' dir='ltr'>hinc</span> <span class='ocrx_word' id='word_1_265' title='bbox 1279 2509 1430 2546; x_wconf 86' lang='lat' dir='ltr'>illineve</span> <span class='ocrx_word' id='word_1_266' title='bbox 1458 2509 1498 2545; x_wconf 87' lang='lat' dir='ltr'>in</span> <span class='ocrx_word' id='word_1_267' title='bbox 1521 2522 1675 2556; x_wconf 85' lang='lat' dir='ltr'>corpore</span> <span class='ocrx_word' id='word_1_268' title='bbox 1703 2509 1840 2553; x_wconf 86' lang='lat' dir='ltr'>obviis,</span> <span class='ocrx_word' id='word_1_269' title='bbox 1868 2515 1950 2545; x_wconf 87' lang='lat' dir='ltr'>tum</span> <span class='ocrx_word' id='word_1_270' title='bbox 1975 2522 2146 2556; x_wconf 84' lang='lat' dir='ltr'>praeser-</span> 
     </span>
     <span class='ocr_line' id='line_1_28' title="bbox 203 2573 2147 2623; baseline 0.001 -14"><span class='ocrx_word' id='word_1_271' title='bbox 203 2574 276 2609; x_wconf 86' lang='lat' dir='ltr'>tim</span> <span class='ocrx_word' id='word_1_272' title='bbox 317 2587 363 2609; x_wconf 67' lang='grc' dir='ltr'>εκ</span> <span class='ocrx_word' id='word_1_273' title='bbox 402 2573 748 2620; x_wconf 80' lang='lat' dir='ltr'>observationibus,</span> <span class='ocrx_word' id='word_1_274' title='bbox 801 2587 933 2622; x_wconf 87' lang='lat' dir='ltr'>corpus</span> <span class='ocrx_word' id='word_1_275' title='bbox 978 2574 1390 2622; x_wconf 83' lang='lat' dir='ltr'>Echinorhynchorum</span> <span class='ocrx_word' id='word_1_276' title='bbox 1432 2573 1627 2610; x_wconf 75' lang='lat' dir='ltr'>resectum</span> <span class='ocrx_word' id='word_1_277' title='bbox 1662 2581 1780 2623; x_wconf 75' lang='lat' dir='ltr'>atque</span> <span class='ocrx_word' id='word_1_278' title='bbox 1820 2585 2055 2619; x_wconf 78' lang='lat' dir='ltr'>expansum,</span> <span class='ocrx_word' id='word_1_279' title='bbox 2107 2576 2147 2612; x_wconf 78' lang='lat' dir='ltr'>vi</span> 
     </span>
     <span class='ocr_line' id='line_1_29' title="bbox 201 2632 2147 2688; baseline 0.001 -14"><span class='ocrx_word' id='word_1_280' title='bbox 201 2638 327 2685; x_wconf 29' lang='lat' dir='ltr'>,ablata</span> <span class='ocrx_word' id='word_1_281' title='bbox 354 2638 402 2688; x_wconf 38' lang='lat' dir='ltr'>&#39;in</span> <span class='ocrx_word' id='word_1_282' title='bbox 434 2638 600 2685; x_wconf 86' lang='lat' dir='ltr'>formam</span> <span class='ocrx_word' id='word_1_283' title='bbox 632 2632 799 2687; x_wconf 80' lang='lat' dir='ltr'>priorem</span> <span class='ocrx_word' id='word_1_284' title='bbox 827 2640 1003 2685; x_wconf 84' lang='lat' dir='ltr'>resilire,</span> <span class='ocrx_word' id='word_1_285' title='bbox 1057 2638 1304 2676; x_wconf 80' lang='lat' dir='ltr'>confirmatur</span> <span class='ocrx_word' id='word_1_286' title='bbox 1337 2640 1386 2685; x_wconf 85' lang='grc'>7),</span> <span class='ocrx_word' id='word_1_287' title='bbox 1440 2637 1564 2685; x_wconf 84' lang='lat' dir='ltr'>Quum</span> <span class='ocrx_word' id='word_1_288' title='bbox 1601 2651 1691 2674; x_wconf 82' lang='lat' dir='ltr'>vero</span> <span class='ocrx_word' id='word_1_289' title='bbox 1723 2637 1793 2673; x_wconf 91' lang='lat' dir='ltr'>duo</span> <span class='ocrx_word' id='word_1_290' title='bbox 1821 2644 1938 2675; x_wconf 81' lang='lat' dir='ltr'>strata</span> <span class='ocrx_word' id='word_1_291' title='bbox 1963 2637 2147 2675; x_wconf 79' lang='lat' dir='ltr'>fibrarum</span> 
     </span>
     <span class='ocr_line' id='line_1_30' title="bbox 207 2701 2147 2751; baseline 0 -13"><span class='ocrx_word' id='word_1_292' title='bbox 207 2695 362 2748; x_wconf 87' lang='lat' dir='ltr'>adsunt,</span> <span class='ocrx_word' id='word_1_293' title='bbox 415 2704 579 2750; x_wconf 83' lang='lat' dir='ltr'>quaestio</span> <span class='ocrx_word' id='word_1_294' title='bbox 607 2703 703 2751; x_wconf 85' lang='lat' dir='ltr'>apud</span> <span class='ocrx_word' id='word_1_295' title='bbox 731 2711 902 2740; x_wconf 86' lang='lat' dir='ltr'>auctores</span> <span class='ocrx_word' id='word_1_296' title='bbox 931 2711 985 2740; x_wconf 86' lang='lat' dir='ltr'>est</span> <span class='ocrx_word' id='word_1_297' title='bbox 1021 2711 1124 2749; x_wconf 83' lang='lat' dir='ltr'>orta,</span> <span class='ocrx_word' id='word_1_298' title='bbox 1177 2703 1239 2740; x_wconf 86' lang='lat' dir='ltr'>cui</span> <span class='ocrx_word' id='word_1_299' title='bbox 1277 2703 1475 2740; x_wconf 86' lang='lat' dir='ltr'>amborum</span> <span class='ocrx_word' id='word_1_300' title='bbox 1509 2703 1679 2738; x_wconf 83' lang='lat' dir='ltr'>maxima</span> <span class='ocrx_word' id='word_1_301' title='bbox 1712 2701 1769 2738; x_wconf 83' lang='lat' dir='ltr'>vis</span> <span class='ocrx_word' id='word_1_302' title='bbox 1805 2709 1903 2737; x_wconf 79' lang='lat' dir='ltr'>esset</span> <span class='ocrx_word' id='word_1_303' title='bbox 1935 2702 2147 2749; x_wconf 85' lang='lat' dir='ltr'>tribuenda,</span> 
     </span>
     <span class='ocr_line' id='line_1_31' title="bbox 209 2760 2146 2819; baseline 0.001 -17"><span class='ocrx_word' id='word_1_304' title='bbox 209 2760 250 2803; x_wconf 62' lang='lat' dir='ltr'>et&gt;</span> <span class='ocrx_word' id='word_1_305' title='bbox 273 2767 327 2803; x_wconf 89' lang='lat' dir='ltr'>sic</span> <span class='ocrx_word' id='word_1_306' title='bbox 354 2767 594 2816; x_wconf 87' lang='lat' dir='ltr'>Rudolphi</span> <span class='ocrx_word' id='word_1_307' title='bbox 613 2769 649 2814; x_wconf 81' lang='lat'>8)</span> <span class='ocrx_word' id='word_1_308' title='bbox 675 2768 756 2804; x_wconf 85' lang='lat' dir='ltr'>vim</span> <span class='ocrx_word' id='word_1_309' title='bbox 785 2769 996 2813; x_wconf 75' lang='lat' dir='ltr'>maximam</span> <span class='ocrx_word' id='word_1_310' title='bbox 1022 2769 1125 2806; x_wconf 78' lang='lat' dir='ltr'>fibris</span> <span class='ocrx_word' id='word_1_311' title='bbox 1151 2767 1482 2819; x_wconf 80' lang='lat' dir='ltr'>longitudinalibus</span> <span class='ocrx_word' id='word_1_312' title='bbox 1515 2767 1732 2814; x_wconf 54' lang='lat' dir='ltr'>adtribuit„</span> <span class='ocrx_word' id='word_1_313' title='bbox 1768 2778 1883 2814; x_wconf 76' lang='lat' dir='ltr'>rugas</span> <span class='ocrx_word' id='word_1_314' title='bbox 1919 2778 1962 2803; x_wconf 85' lang='lat' dir='ltr'>ac</span> <span class='ocrx_word' id='word_1_315' title='bbox 1995 2767 2146 2805; x_wconf 75' lang='lat' dir='ltr'>strictu-</span> 
     </span>
     <span class='ocr_line' id='line_1_32' title="bbox 208 2826 2148 2882; baseline 0 -15"><span class='ocrx_word' id='word_1_316' title='bbox 208 2826 270 2867; x_wconf 82' lang='lat' dir='ltr'>ras</span> <span class='ocrx_word' id='word_1_317' title='bbox 296 2831 441 2868; x_wconf 76' lang='lat' dir='ltr'>actione</span> <span class='ocrx_word' id='word_1_318' title='bbox 468 2832 795 2881; x_wconf 76' lang='lat' dir='ltr'>longitudinalium</span> <span class='ocrx_word' id='word_1_319' title='bbox 830 2841 867 2869; x_wconf 87' lang='lat' dir='ltr'>et</span> <span class='ocrx_word' id='word_1_320' title='bbox 900 2834 972 2869; x_wconf 85' lang='lat' dir='ltr'>hac</span> <span class='ocrx_word' id='word_1_321' title='bbox 1006 2847 1047 2869; x_wconf 86' lang='lat' dir='ltr'>re</span> <span class='ocrx_word' id='word_1_322' title='bbox 1085 2832 1350 2881; x_wconf 84' lang='lat' dir='ltr'>approximatis</span> <span class='ocrx_word' id='word_1_323' title='bbox 1386 2832 1455 2868; x_wconf 88' lang='lat' dir='ltr'>sibi</span> <span class='ocrx_word' id='word_1_324' title='bbox 1490 2830 1803 2868; x_wconf 80' lang='lat' dir='ltr'>transversalibus</span> <span class='ocrx_word' id='word_1_325' title='bbox 1838 2829 1930 2865; x_wconf 85' lang='lat' dir='ltr'>oriri</span> <span class='ocrx_word' id='word_1_326' title='bbox 1963 2829 2032 2865; x_wconf 72' lang='lat' dir='ltr'>sibi</span> <span class='ocrx_word' id='word_1_327' title='bbox 2066 2844 2148 2882; x_wconf 83' lang='lat' dir='ltr'>per-</span> 
     </span>
     <span class='ocr_line' id='line_1_33' title="bbox 210 2893 2148 2949; baseline -0.002 -17"><span class='ocrx_word' id='word_1_328' title='bbox 210 2909 360 2942; x_wconf 89' lang='lat' dir='ltr'>suasus,</span> <span class='ocrx_word' id='word_1_329' title='bbox 401 2895 552 2932; x_wconf 80' lang='lat' dir='ltr'>Zeder</span> <span class='ocrx_word' id='word_1_330' title='bbox 571 2898 606 2942; x_wconf 87' lang='lat'>9)</span> <span class='ocrx_word' id='word_1_331' title='bbox 632 2909 742 2941; x_wconf 88' lang='lat' dir='ltr'>vero,</span> <span class='ocrx_word' id='word_1_332' title='bbox 778 2897 841 2932; x_wconf 85' lang='lat' dir='ltr'>cui</span> <span class='ocrx_word' id='word_1_333' title='bbox 865 2906 902 2935; x_wconf 89' lang='lat' dir='ltr'>et</span> <span class='ocrx_word' id='word_1_334' title='bbox 929 2911 996 2949; x_wconf 78' lang='lat' dir='ltr'>ego</span> <span class='ocrx_word' id='word_1_335' title='bbox 1025 2898 1185 2935; x_wconf 88' lang='lat' dir='ltr'>assentio</span> <span class='ocrx_word' id='word_1_336' title='bbox 1212 2898 1485 2935; x_wconf 80' lang='lat' dir='ltr'>transversales</span> <span class='ocrx_word' id='word_1_337' title='bbox 1511 2897 1731 2945; x_wconf 82' lang='lat' dir='ltr'>praevalere</span> <span class='ocrx_word' id='word_1_338' title='bbox 1758 2893 1900 2933; x_wconf 73' lang='lat' dir='ltr'>statuit,</span> <span class='ocrx_word' id='word_1_339' title='bbox 1953 2893 2148 2941; x_wconf 83' lang='lat' dir='ltr'>Siquidem</span> 
     </span>
    </p>
   </div>
   <div class='ocr_carea' id='block_1_7' title="bbox 300 3027 1978 3163">
    <p class='ocr_par' dir='ltr' id='par_1_7' title="bbox 300 3027 1978 3163">
     <span class='ocr_line' id='line_1_34' title="bbox 301 3027 1978 3094; baseline -0.001 -12"><span class='ocrx_word' id='word_1_340' title='bbox 301 3054 331 3090; x_wconf 74' lang='grc' dir='ltr'>ι)</span> <span class='ocrx_word' id='word_1_341' title='bbox 371 3052 453 3082; x_wconf 67' lang='lat' dir='ltr'>Tab.</span> <span class='ocrx_word' id='word_1_342' title='bbox 469 3051 514 3082; x_wconf 83' lang='lat'>11.</span> <span class='ocrx_word' id='word_1_343' title='bbox 550 3027 678 3093; x_wconf 39' lang='grc' dir='ltr'>ἔφη.</span> <span class='ocrx_word' id='word_1_344' title='bbox 731 3075 773 3082; x_wconf 76' lang='grc'><strong>-</strong></span> <span class='ocrx_word' id='word_1_345' title='bbox 903 3055 936 3090; x_wconf 86' lang='lat'>2)</span> <span class='ocrx_word' id='word_1_346' title='bbox 977 3052 1059 3082; x_wconf 56' lang='grc' dir='ltr'>τώ.</span> <span class='ocrx_word' id='word_1_347' title='bbox 1077 3051 1120 3084; x_wconf 84' lang='lat'>11.</span> <span class='ocrx_word' id='word_1_348' title='bbox 1156 3052 1215 3094; x_wconf 68' lang='lat' dir='ltr'>fag.</span> <span class='ocrx_word' id='word_1_349' title='bbox 1232 3060 1284 3092; x_wconf 87' lang='lat'>29.</span> <span class='ocrx_word' id='word_1_350' title='bbox 1331 3071 1373 3080; x_wconf 85' lang='lat'>..</span> <span class='ocrx_word' id='word_1_351' title='bbox 1506 3052 1540 3089; x_wconf 66' lang='lat'>2)</span> <span class='ocrx_word' id='word_1_352' title='bbox 1580 3050 1663 3081; x_wconf 54' lang='grc' dir='ltr'>Τὼ.</span> <span class='ocrx_word' id='word_1_353' title='bbox 1679 3049 1724 3081; x_wconf 85' lang='lat'>11.</span> <span class='ocrx_word' id='word_1_354' title='bbox 1760 3048 1889 3090; x_wconf 71' lang='lat' dir='ltr'>fig.3o.</span> <span class='ocrx_word' id='word_1_355' title='bbox 1936 3064 1978 3070; x_wconf 94' lang='lat'>—</span> 
     </span>
     <span class='ocr_line' id='line_1_35' title="bbox 300 3121 1356 3163; baseline 0 -12"><span class='ocrx_word' id='word_1_356' title='bbox 300 3124 332 3159; x_wconf 88' lang='grc'>4)</span> <span class='ocrx_word' id='word_1_357' title='bbox 373 3121 518 3152; x_wconf 80' lang='lat' dir='ltr'>Tab.11.</span> <span class='ocrx_word' id='word_1_358' title='bbox 553 3122 679 3162; x_wconf 82' lang='lat' dir='ltr'>fig.3o.</span> <span class='ocrx_word' id='word_1_359' title='bbox 727 3141 769 3148; x_wconf 89' lang='lat'>--</span> <span class='ocrx_word' id='word_1_360' title='bbox 893 3123 923 3158; x_wconf 85' lang='lat'>5)</span> <span class='ocrx_word' id='word_1_361' title='bbox 965 3121 1108 3152; x_wconf 76' lang='lat' dir='ltr'>Tab.II.</span> <span class='ocrx_word' id='word_1_362' title='bbox 1138 3122 1196 3163; x_wconf 79' lang='lat' dir='ltr'>fig.</span> <span class='ocrx_word' id='word_1_363' title='bbox 1215 3130 1263 3160; x_wconf 85' lang='lat'>33.</span> <span class='ocrx_word' id='word_1_364' title='bbox 1307 3136 1356 3146; x_wconf 84' lang='lat'>·—-</span> 
     </span>
    </p>
   </div>
   <div class='ocr_carea' id='block_1_8' title="bbox 302 3186 2147 3296">
    <p class='ocr_par' dir='ltr' id='par_1_8' title="bbox 302 3186 2147 3296">
     <span class='ocr_line' id='line_1_36' title="bbox 302 3186 2147 3241; baseline -0.003 -11"><span class='ocrx_word' id='word_1_365' title='bbox 302 3201 333 3237; x_wconf 87' lang='lat'>6)</span> <span class='ocrx_word' id='word_1_366' title='bbox 376 3200 573 3231; x_wconf 82' lang='lat' dir='ltr'>Carlisle.</span> <span class='ocrx_word' id='word_1_367' title='bbox 597 3200 730 3231; x_wconf 80' lang='lat' dir='ltr'>observ.</span> <span class='ocrx_word' id='word_1_368' title='bbox 755 3210 843 3239; x_wconf 88' lang='lat' dir='ltr'>upon</span> <span class='ocrx_word' id='word_1_369' title='bbox 865 3198 916 3229; x_wconf 82' lang='lat' dir='ltr'>the</span> <span class='ocrx_word' id='word_1_370' title='bbox 937 3199 1052 3231; x_wconf 84' lang='lat' dir='ltr'>Struct.</span> <span class='ocrx_word' id='word_1_371' title='bbox 1078 3201 1138 3230; x_wconf 79' lang='lat' dir='ltr'>and</span> <span class='ocrx_word' id='word_1_372' title='bbox 1155 3200 1344 3241; x_wconf 78' lang='lat' dir='ltr'>Oeconomy</span> <span class='ocrx_word' id='word_1_373' title='bbox 1372 3199 1408 3229; x_wconf 90' lang='lat' dir='ltr'>of</span> <span class='ocrx_word' id='word_1_374' title='bbox 1432 3199 1521 3229; x_wconf 82' lang='lat' dir='ltr'>those</span> <span class='ocrx_word' id='word_1_375' title='bbox 1542 3197 1711 3227; x_wconf 71' lang='lat' dir='ltr'>Intestina]</span> <span class='ocrx_word' id='word_1_376' title='bbox 1731 3199 1856 3227; x_wconf 78' lang='lat' dir='ltr'>Worms</span> <span class='ocrx_word' id='word_1_377' title='bbox 1881 3196 1985 3226; x_wconf 79' lang='lat' dir='ltr'>called</span> <span class='ocrx_word' id='word_1_378' title='bbox 2007 3186 2147 3224; x_wconf 75' lang='lat' dir='ltr'>Taeniae</span> 
     </span>
     <span class='ocr_line' id='line_1_37' title="bbox 411 3243 2147 3296; baseline -0.002 -11"><span class='ocrx_word' id='word_1_379' title='bbox 411 3243 459 3285; x_wconf 51' lang='lat' dir='ltr'>Ain</span> <span class='ocrx_word' id='word_1_380' title='bbox 480 3257 644 3287; x_wconf 80' lang='lat' dir='ltr'>Transact.</span> <span class='ocrx_word' id='word_1_381' title='bbox 669 3256 705 3285; x_wconf 86' lang='lat' dir='ltr'>of</span> <span class='ocrx_word' id='word_1_382' title='bbox 723 3255 774 3285; x_wconf 85' lang='lat' dir='ltr'>the</span> <span class='ocrx_word' id='word_1_383' title='bbox 799 3253 950 3286; x_wconf 75' lang='lat' dir='ltr'>Linnean</span> <span class='ocrx_word' id='word_1_384' title='bbox 970 3254 1110 3296; x_wconf 83' lang='lat' dir='ltr'>Society.</span> <span class='ocrx_word' id='word_1_385' title='bbox 1135 3255 1266 3287; x_wconf 85' lang='lat' dir='ltr'>V01.11.</span> <span class='ocrx_word' id='word_1_386' title='bbox 1291 3266 1323 3293; x_wconf 83' lang='lat' dir='ltr'>p.</span> <span class='ocrx_word' id='word_1_387' title='bbox 1335 3265 1406 3296; x_wconf 82' lang='lat'><strong>253.</strong></span> <span class='ocrx_word' id='word_1_388' title='bbox 1451 3254 1667 3293; x_wconf 79' lang='lat' dir='ltr'>Rudolphi</span> <span class='ocrx_word' id='word_1_389' title='bbox 1702 3253 1871 3282; x_wconf 80' lang='lat' dir='ltr'>Enrozool.</span> <span class='ocrx_word' id='word_1_390' title='bbox 1895 3251 2008 3282; x_wconf 76' lang='lat' dir='ltr'>VoLL</span> <span class='ocrx_word' id='word_1_391' title='bbox 2032 3260 2147 3291; x_wconf 83' lang='lat' dir='ltr'>p.239.</span> 
     </span>
    </p>
   </div>
   <div class='ocr_carea' id='block_1_9' title="bbox 302 3331 1908 3452">
    <p class='ocr_par' dir='ltr' id='par_1_9' title="bbox 302 3331 1908 3452">
     <span class='ocr_line' id='line_1_38' title="bbox 302 3331 1908 3376; baseline -0.003 -6"><span class='ocrx_word' id='word_1_392' title='bbox 302 3337 336 3373; x_wconf 80' lang='lat'>7)</span> <span class='ocrx_word' id='word_1_393' title='bbox 380 3332 512 3369; x_wconf 63' lang='lat' dir='ltr'>Goeze</span> <span class='ocrx_word' id='word_1_394' title='bbox 535 3335 667 3376; x_wconf 76' lang='lat' dir='ltr'>Naturg.</span> <span class='ocrx_word' id='word_1_395' title='bbox 690 3343 805 3374; x_wconf 81' lang='lat' dir='ltr'>p.147.</span> <span class='ocrx_word' id='word_1_396' title='bbox 849 3335 1070 3375; x_wconf 82' lang='lat' dir='ltr'>Rudolphi</span> <span class='ocrx_word' id='word_1_397' title='bbox 1101 3336 1138 3365; x_wconf 83' lang='lat' dir='ltr'>in</span> <span class='ocrx_word' id='word_1_398' title='bbox 1164 3336 1388 3366; x_wconf 66' lang='lat' dir='ltr'>vviedemanns</span> <span class='ocrx_word' id='word_1_399' title='bbox 1416 3333 1535 3365; x_wconf 80' lang='lat' dir='ltr'>Archiv</span> <span class='ocrx_word' id='word_1_400' title='bbox 1557 3334 1613 3363; x_wconf 84' lang='lat' dir='ltr'>Ed.</span> <span class='ocrx_word' id='word_1_401' title='bbox 1631 3340 1661 3366; x_wconf 78' lang='lat'>2.</span> <span class='ocrx_word' id='word_1_402' title='bbox 1693 3331 1810 3365; x_wconf 70' lang='lat' dir='ltr'>Hft.“2-</span> <span class='ocrx_word' id='word_1_403' title='bbox 1839 3331 1865 3363; x_wconf 81' lang='lat' dir='ltr'>l·</span> <span class='ocrx_word' id='word_1_404' title='bbox 1883 3341 1908 3359; x_wconf 74' lang='lat' dir='ltr'>C=</span> 
     </span>
     <span class='ocr_line' id='line_1_39' title="bbox 306 3412 850 3452; baseline 0.013 -12"><span class='ocrx_word' id='word_1_405' title='bbox 306 3415 337 3450; x_wconf 76' lang='lat'>8)</span> <span class='ocrx_word' id='word_1_406' title='bbox 381 3412 550 3444; x_wconf 84' lang='lat' dir='ltr'>Entozool.</span> <span class='ocrx_word' id='word_1_407' title='bbox 580 3413 656 3444; x_wconf 83' lang='lat' dir='ltr'>Vol.</span> <span class='ocrx_word' id='word_1_408' title='bbox 674 3414 699 3444; x_wconf 90' lang='grc' dir='ltr'>Ι.</span> <span class='ocrx_word' id='word_1_409' title='bbox 730 3424 762 3452; x_wconf 84' lang='lat' dir='ltr'>p.</span> <span class='ocrx_word' id='word_1_410' title='bbox 779 3423 850 3447; x_wconf 82' lang='lat'>222.</span> 
     </span>
    </p>
   </div>
   <div class='ocr_carea' id='block_1_10' title="bbox 303 3490 1511 3575">
    <p class='ocr_par' dir='ltr' id='par_1_10' title="bbox 303 3490 1511 3575">
     <span class='ocr_line' id='line_1_40' title="bbox 303 3490 1511 3575; baseline 0.009 -55"><span class='ocrx_word' id='word_1_411' title='bbox 303 3491 335 3528; x_wconf 87' lang='lat'>9)</span> <span class='ocrx_word' id='word_1_412' title='bbox 378 3490 510 3532; x_wconf 73' lang='lat' dir='ltr'>Naturg.</span> <span class='ocrx_word' id='word_1_413' title='bbox 539 3501 571 3531; x_wconf 80' lang='lat' dir='ltr'>p.</span> <span class='ocrx_word' id='word_1_414' title='bbox 591 3499 658 3528; x_wconf 83' lang='lat'>131.</span> <span class='ocrx_word' id='word_1_415' title='bbox 692 3493 723 3530; x_wconf 62' lang='grc' dir='ltr'>ς.</span> <span class='ocrx_word' id='word_1_416' title='bbox 742 3498 812 3532; x_wconf 84' lang='lat'>158.</span> <span class='ocrx_word' id='word_1_417' title='bbox 1491 3538 1511 3575; x_wconf 53' lang='grc' dir='ltr'><strong>ς</strong></span> 
     </span>
     <span class='ocr_line' id='line_1_41' title="bbox 1462 3549 1497 3575; baseline 0 0"><span class='ocrx_word' id='word_1_418' title='bbox 1462 3549 1497 3575; x_wconf 61' lang='grc' dir='ltr'>1ι</span> 
     </span>
    </p>
   </div>
  </div>
 </body>
</html>
