2520 4031
922 315 1030 338 ---‹
1130 310 1385 352 53»—

197 404 428 441 subtiliorem
461 402 580 440 adhuc
615 402 779 442 offendit,
843 403 946 444 „Ubi
974 403 1102 449 enim,
1155 411 1195 439 ut
1226 403 1351 440 verbis
1384 405 1433 443 cl.
1462 402 1535 439 viri
1569 409 1679 449 utar,
1731 404 1934 447 lemni'scus
1966 423 1987 446 a
2021 412 2113 448 00110

195 468 374 516 „incipit,
415 480 479 503 vas
504 468 542 504 in
573 467 737 514 ejusdcm
765 467 966 504 medietate
989 468 1235 515 conspicitur,
1278 470 1456 517 utrinque*
1478 481 1602 506 ramos
1631 476 1859 511 transversos
1886 483 1921 511 et
1949 478 2114 514 ramulos

195 545 270 576 „ex
301 519 365 568 his*
391 544 504 581 vagos
538 533 737 578 emittens3
788 532 842 568 sic
876 546 943 580 per
976 539 1147 579 quartam
1180 533 1334 569 circiter
1367 534 1541 570 lemnisci
1576 541 1722 581 partem
1756 548 2024 586 progressum,
2077 541 2117 576 in

197 609 311 640 „vasa
338 595 408 631 duo
435 599 567 646 angulo
593 603 699 632 acuto
727 595 897 641 finditur,
926 595 1097 641 utrinque
1124 603 1228 632 recta
1252 597 1315 632 via
1341 597 1386 633 ad
1412 597 1519 634 basin
1545 597 1802 644 decurrentia,
1831 598 1951 646 ibique
1977 604 2118 640 sensim

196 660 392 705 „tenuiora
432 661 533 697 facta
573 660 798 696 anastomosi
832 660 1029 705 conjuncta
1063 673 1195 697 arcum
1229 663 1465 698 vasculosum
1498 661 1687 708 efficiunt3
1746 671 1819 700 toto
1853 664 1922 701 isto
1957 668 2021 702 sub
2056 668 2117 704 de,-

195 736 335 769 „cursu
362 738 487 761 ramos
513 725 783 760 transversales
816 730 852 758 et
878 725 1041 759 ramulos
1075 727 1127 760 ex'
1146 725 1204 761 his
1239 733 1364 762 enatos
1399 725 1579 773 plurimos
1615 734 1651 762 et
1678 729 1801 764 varios
1837 728 1968 776 edunt3
2019 731 2117 769 haud

193 790 350 835 „procul
377 797 502 825 autem
529 802 550 824 a
576 788 825 824 bifurcatione
849 788 1068 834 corpuscula
1093 787 1163 823 duo
1191 789 1460 833 crassiuscula‚
1506 788 1650 824 formae
1679 789 1870 838 diversae,
1916 793 2119 840 subovalia,

194 860 283 897 „aut
310 853 544 902 subtrigona,
585 851 782 898 superficie
809 852 1026 900 granulosa,
1071 852 1169 888 vasis
1197 853 1321 888 cincta
1349 859 1385 888 et
1406 853 1471 888 sub
1499 853 1597 888 lente
1625 853 1830 890 fortissime
1858 864 2015 905 augente
2042 858 2123 906 ipsa

194 919 415 962 „vasculosa
440 918 540 961 visa,
586 916 655 951 sibi
683 915 824 952 adnexa
851 920 1105 957 m011strant,“
1157 917 1219 954 Sic
1245 917 1297 953 ill.
1323 917 1467 954 Rudol
1477 918 1555 965 phi
1565 946 1577 963 ,
1622 917 1687 954 sed
1715 919 1787 955 alia
1812 920 1906 956 mihi
1933 929 2122 960 structura

194 980 461 1015 lemniscorum
493 980 641 1016 interna
675 979 987 1029 Echinorhynchi
1019 980 1195 1030 Gigantis
1228 981 1334 1020 visa:
1387 982 1428 1017 In
1462 983 1632 1018 omnibus
1676 983 1777 1018 enim
1812 984 2004 1022 lemniscis
2040 993 2120 1023 tam

193 1044 383 1080 vermium
410 1044 622 1079 recentium
648 1055 758 1091 quam
791 1057 858 1091 per
889 1044 1023 1090 aliquot
1056 1051 1204 1092 tempus
1234 1053 1535 1092 asservatorum,
1588 1048 1686 1082 lente
1723 1047 1928 1085 fortissime
1962 1058 2119 1100 augente

193 1107 380 1153 adhibita,
432 1108 505 1144 tria
530 1121 619 1144 vasa
644 1121 784 1158 magna
809 1109 848 1144 in
877 1116 1117 1156 conspectum
1142 1108 1355 1155 prodibant,
1407 1123 1563 1156 quorum
1591 1110 1760 1150 medium
1788 1121 1825 1149 et
1851 1115 2062 1152 maximum
2089 1119 2123 1162 ι)

193 1172 233 1207 in
269 1171 394 1208 media
420 1180 525 1219 parte
560 1173 764 1218 lemnisci,
815 1172 957 1219 reliqua
990 1171 1060 1207 duo
1095 1179 1249 1219 utroque
1284 1173 1324 1208 in
1356 1175 1530 1223 margine
1557 1174 1710 1211 fuerunt
1743 1177 1815 1213 sita
1848 1185 1885 1213 et
1911 1191 2122 1226 conspicua,

193 1235 360 1272 Medium
387 1248 453 1272 vas
478 1236 517 1272 in
543 1236 666 1272 antica
693 1244 729 1272 et
755 1248 905 1272 summa
930 1244 1035 1283 parte
1063 1243 1248 1280 exortum,
1294 1244 1369 1272 tres
1404 1246 1554 1284 quartas
1581 1239 1755 1276 lemnisci
1781 1248 1905 1287 partes
1932 1249 2037 1278 recta
2064 1244 2124 1279 via

192 1306 321 1348 petens
349 1306 385 1334 et
411 1301 450 1335 in
471 1300 607 1336 itinere
634 1313 699 1336 suo
726 1313 852 1336 ramos
878 1300 916 1335 in
942 1299 1130 1334 infinitum
1157 1298 1297 1334 iterum
1323 1300 1553 1338 ramificatos
1580 1304 1769 1349 emittens,
1798 1306 1992 1341 sacculum
2018 1319 2123 1356 mag-

195 1376 284 1398 num
312 1364 458 1399 ovalem
483 1364 620 1410 intrat,
673 1365 777 1409 cujus
805 1375 850 1397 ex
875 1362 955 1398 basi
981 1361 1050 1397 duo
1076 1362 1176 1397 rami
1207 1363 1341 1412 angulo
1374 1372 1481 1399 acuto
1508 1378 1624 1413 aeque
1656 1368 1787 1416 magni
1817 1369 2008 1416 oriuntur,
2062 1372 2122 1417 qui

193 1427 333 1463 iterum
359 1439 484 1462 ramos
509 1427 744 1472 ramulosque
767 1426 891 1461 varios
919 1425 1071 1462 edentes
1096 1439 1211 1473 usque
1236 1426 1282 1462 ad
1298 1426 1403 1462 basin
1424 1429 1599 1466 lemnisci
1620 1431 1866 1468 substantiam
1892 1443 2123 1481 perreptanr,

194 1491 315 1538 ibique
341 1490 468 1526 inflexi
500 1491 561 1525 vel
593 1502 681 1526 cum
717 1502 806 1525 vase
838 1497 993 1538 utroque
1028 1490 1066 1525 in
1101 1491 1274 1539 margine
1309 1492 1507 1539 conspicuo
1543 1496 1794 1530 anastomosin
1822 1496 2011 1543 formant,
2063 1502 2123 1534 vel

192 1555 272 1602 ipsa
298 1555 336 1590 in
363 1554 421 1590 his
448 1553 494 1589 ad
522 1554 669 1600 apicem
697 1561 912 1594 recurrunt.
974 1554 1153 1590 Sacculus
1180 1554 1289 1590 modo
1316 1554 1436 1592 dictus
1464 1570 1535 1592 nou
1566 1558 1698 1593 unicus
1725 1566 1853 1594 autem
1884 1573 1955 1595 uno
1982 1574 2122 1608 quoque

192 1618 232 1653 in
265 1618 447 1653 lemnisco
474 1618 727 1665 conspicitur,
782 1617 848 1653 sed
880 1618 981 1654 rami
1008 1618 1220 1666 ramulique
1254 1618 1414 1666 undique
1449 1628 1767 1657 anastomosantes
1794 1625 1962 1659 sacculos
1988 1637 2123 1672 parvos

195 1689 230 1716 et
257 1682 448 1727 minutos,
503 1681 733 1717 dilatationes
759 1694 936 1718 vasorum
970 1683 1185 1718 coeuntium
1219 1683 1364 1720 scilicet
1398 1683 1590 1731 formant,
1645 1693 1682 1721 et
1720 1686 1758 1721 in
1792 1688 1983 1734 superiore
2015 1697 2122 1736 parte

193 1746 351 1792 quinque
378 1746 437 1780 vel
463 1757 529 1781 sex
554 1746 718 1781 minores
749 1746 877 1782 variae
904 1747 1050 1783 formae
1066 1774 1078 1791 ,
1132 1747 1297 1797 trigoni,
1351 1747 1563 1794 inaequales
1598 1749 1818 1796 conspicui,
1867 1764 2024 1797 quorum
2052 1752 2123 1788 duo

192 1809 231 1844 in
250 1809 432 1845 lemnisco
458 1809 640 1845 delineato
666 1816 819 1856 utroque
845 1810 884 1845 in
909 1811 1105 1860 margine,
1146 1812 1291 1858 quintus
1318 1824 1406 1848 vero
1433 1812 1511 1859 ipso
1538 1825 1627 1849 cum
1655 1826 1742 1851 vase
1769 1826 1907 1862 magno
1935 1823 1971 1852 ei,
1998 1817 2139 1853 medio

196 1873 480 1910 communicans
507 1872 739 1912 observatur,

339 1937 396 1973 Ita
436 1948 566 1972 omnes
606 1936 808 1972 lemniseos
844 1937 1156 1986 Echinorhynchi
1189 1938 1364 1988 Gigantis
1402 1948 1574 1987 respectu
1613 1953 1790 1978 vasorum
1831 1943 1962 1979 eodem
1998 1944 2120 1982 modm

193 2000 311 2048 quoad
336 2001 503 2037 sacculos
530 2007 658 2036 autem
685 2000 850 2036 diversos
878 2008 1084 2038 exstructos
1111 2002 1328 2046 observavi,
1379 2005 1644 2049 (sacculorum
1670 2005 1774 2041 enim
1801 2019 1981 2043 numerus
2009 2008 2120 2044 addu-

193 2072 297 2101 ctum
323 2077 411 2100 mox
438 2077 509 2100 non
537 2063 773 2113 adtingebat,
826 2077 913 2100 mox
946 2065 1168 2113 superabat)
1208 2073 1244 2102 et
1276 2066 1330 2101 sic
1366 2067 1483 2104 etiam
1518 2067 1556 2103 in
1588 2069 1783 2105 lemniscis
1810 2070 1907 2110 Eeh.
1935 2071 2119 2118 Spirulac,

192 2129 368 2178 pressorii
393 2128 636 2164 instrumenti
661 2141 748 2176 ope,
800 2141 891 2164 vasa
916 2129 980 2166 illa
1007 2129 1190 2166 detexisse
1216 2142 1416 2177 persuasus
1442 2130 1538 2166 mihi
1571 2144 1678 2175 sum,
1733 2132 1778 2168 de
1805 2135 1966 2170 sacculis
1993 2142 2120 2171 autem

192 2194 289 2229 solus
315 2192 505 2228 maximus
528 2199 564 2227 et
590 2192 736 2228 medius
763 2192 802 2227 in
828 2200 932 2239 parte
956 2193 1082 2230 media
1108 2193 1220 2238 situs,
1248 2192 1389 2234 obvius.
1441 2194 1485 2229 ln
1510 2195 1822 2245 Echinorhynchi
1850 2198 2003 2244 majoris
2030 2199 2123 2234 leni-

192 2255 306 2293 niscis
334 2255 518 2292 nodulosis
545 2256 588 2292 ob
616 2257 830 2293 crassitiem
858 2264 895 2292 et
920 2264 1060 2293 statum
1086 2256 1211 2293 minus
1237 2265 1458 2302 recentem,
1510 2270 1576 2292 vas
1607 2259 1780 2299 medium
1815 2262 1859 2297 ab
1891 2275 1963 2297 uno
1991 2262 2122 2298 nodulo

193 2321 355 2356 alterum
380 2327 508 2367 petens
536 2320 799 2368 conspicuum,
852 2321 945 2368 quod
977 2321 1153 2368 undique.
1173 2333 1298 2359 ramos
1334 2321 1373 2361 in
1405 2321 1653 2358 substantiam
1681 2324 1895 2369 emittebat,
1940 2333 1982 2360 ut
2008 2327 2123 2362 etiam

193 2383 317 2428 noduli
342 2383 412 2430 ipsi
438 2385 676 2436 sacculorum
701 2381 844 2420 faciem
869 2398 958 2432 prae
992 2398 1031 2421 se
1064 2385 1250 2426 ferebant.
1317 2385 1360 2421 In
1394 2385 1547 2431 reliquis
1573 2387 1982 2436 Echin01·hynchorum
2012 2402 2032 2426 a
2060 2403 2123 2426 nie

193 2447 441 2497 dissectorum
474 2448 693 2498 lemniscis,
745 2455 825 2484 tam
864 2448 906 2484 ob
949 2437 1126 2498 exiguam
1159 2448 1461 2498 magnitudinem
1497 2463 1609 2496 quam
1644 2453 1870 2498 praesertim
1904 2453 1946 2489 ob
1982 2462 2122 2489 statum

193 2511 317 2547 minus
345 2518 569 2556 recentem,
619 2512 709 2549 hinc
734 2513 886 2548 illincve
923 2513 1037 2548 striae
1058 2512 1278 2561 vpellucidae
1314 2503 1434 2547 solum
1466 2514 1718 2561 conspicuae,
1771 2516 1836 2552 sed
1872 2530 1918 2552 ex
1953 2519 2123 2567 analogia

191 2574 393 2622 petendum
419 2575 515 2611 mihi
540 2574 706 2622 videtur,
752 2589 903 2623 vermes
930 2577 996 2613 lios
1023 2576 1140 2624 quoad
1164 2576 1367 2613 lemniacos
1395 2576 1539 2619 eadem·
1556 2585 1766 2625 structura,
1813 2588 1853 2617 ut
1876 2581 1974 2623 Ech,
2003 2580 2124 2632 Gigas

193 2646 231 2675 et
256 2639 405 2688 Spirula
436 2639 614 2689 gaudere,

378 2808 735 2867 organorum
775 2812 1140 2870 generationi
1179 2806 1623 2855 inservientium
1662 2824 1938 2858 anatome.

338 2895 409 2930 His
443 2896 592 2944 organis
627 2895 823 2944 descriptis
865 2898 971 2944 atque
1006 2899 1179 2937 absolutis
1213 2899 1252 2934 in
1287 2899 1390 2945 omni
1425 2899 1744 2953 Echinorhyncho
1779 2899 1965 2948 quaedam
2000 2900 2122 2940 adhuc

190 2965 416 3006 supersunt,
468 2971 561 3004 quae
595 2960 827 3009 generationi
861 2957 1046 2999 inservire
1081 2956 1256 2998 videntur
1289 2969 1326 2998 et
1359 2954 1452 3011 quae
1481 2953 1539 2999 ita¹
1562 2952 1751 3003 exstructa
1777 2971 1815 3000 at
1841 2965 1988 3001 exculta
2022 2973 2120 3010 sunt,

193 3028 233 3056 ut
259 3035 384 3058 mares
411 3023 614 3069 testiculis,
668 3024 842 3060 vesiculis
875 3014 1142 3073 seminalibus,
1196 3039 1240 3063 ac
1275 3038 1414 3075 organo
1447 3027 1566 3081 vices-
1584 3028 1689 3075 penis
1723 3036 1904 3077 gerente,
1955 3029 2122 3066 feminae

196 3091 299 3121 utero
329 3086 539 3134 ovariisque
567 3086 776 3123 innumeris
803 3088 1005 3137 gaudeant.
1265 3129 1270 3132 ‚
1574 3084 1576 3086 Ι
1850 3079 1852 3083 v
2015 3083 2020 3092 ἱ

254 3138 257 3145 ¹
339 3149 650 3203 Echiiiorliyiiclii
686 3165 813 3198 nunc,
865 3152 983 3201 quoad
1017 3167 1149 3192 sexum
1189 3154 1356 3204 dirersi,
1409 3167 1526 3202 neque
1571 3155 1874 3205 Androgyni,
1929 3164 1967 3192 ut
2003 3159 2048 3195 cl.
2077 3159 2120 3193 ab

195 3212 350 3248 Olfers
369 3215 405 3258 2)
430 3202 638 3262 suspicatus
667 3222 741 3261 est,
769 3216 880 3254 facile
906 3218 985 3265 jam
1011 3219 1108 3255 sicut
1135 3219 1315 3255 animalia
1341 3231 1386 3256 ex
1412 3226 1484 3255 toto
1510 3219 1637 3257 habitu
1667 3228 1820 3259 externo
1843 3233 1863 3256 a.
1890 3233 1929 3257 se
1956 3221 2121 3257 invicem

284 3406 314 3441 ι)
355 3404 438 3436 Tab.
456 3405 497 3435 11.
533 3379 583 3448 fig.
603 3416 632 3446 7.

281 3484 312 3519 α)
357 3481 535 3514 Commeat.
557 3485 596 3514 de
618 3486 802 3526 vegetativis
823 3495 880 3517 etc.
905 3497 934 3525 p.
949 3498 999 3526 49,

1410 3549 1422 3575 l
1435 3553 1457 3576 ·{<
