2520 4031
1082 301 1192 328 —--·<
1290 295 1340 339 48
1438 304 1548 326 »-

827 390 1252 448 Corporis
1333 380 1806 432 structura.

486 480 609 528 Hujus
644 479 769 516 forma
799 487 956 515 externa
991 477 1242 514 diversimodo
1278 481 1490 519 exstructa,
1543 474 1763 521 plerumque
1791 480 1919 509 autem
1945 475 2138 512 vermibus
2165 488 2282 523 aquae

338 542 533 588 immersis
559 545 727 594 primum
754 549 860 578 recta
886 542 1116 578 observanda
1144 549 1220 587 est,
1269 541 1309 576 in
1344 539 1531 575 intestinis
1568 538 1791 574 animalium
1810 538 1931 573 *enim
1966 539 2088 576 adhuc
2117 552 2283 576 commo-

338 616 466 645 rantes
482 609 545 646 ‘ita
568 608 717 645 flaccidi
744 614 780 642 et
805 606 934 655 rugosi
960 607 1106 653 jacent,
1132 613 1173 640 ut
1197 606 1277 652 jam
1305 616 1394 640 cum
1422 602 1690 638 diversissimis
1711 602 1861 637 Taeniis
1883 603 1916 646 ¹)
1943 604 2166 639 commutati
2192 604 2282 646 sint,

336 671 464 718 Quoad
498 673 664 709 formam
699 677 895 706 externam
932 670 1198 720 distinguimus
1231 667 1458 717 praesertim
1492 674 1533 702 ut
1568 679 1679 714 supra
1714 666 1891 709 exhibui,
1943 666 2283 716 Echinorhynchos

336 749 492 785 corpore
518 737 660 779 tereti,
713 734 937 770 sacciformi
952 762 965 780 ,
1018 733 1228 783 cylindrico
1245 761 1256 778 ‚
1309 733 1483 779 utrinque
1516 732 1578 767 vel
1606 731 1730 767 antice
1758 731 1880 766 solum
1906 731 1967 765 vel
1995 730 2134 777 postice
2162 733 2282 767 solum

337 808 548 847 attenuato,
600 798 804 847 pyriformi
828 806 900 839 etc,
923 798 1134 846 praeditos,
1189 797 1309 845 quoad
1331 803 1565 833 structuram
1592 796 1784 831 internam
1810 795 1849 830 in
1876 793 2048 829 omnibus
2076 795 2174 831 hanc
2201 798 2283 832 fere

338 865 500 902 eandem
528 875 609 899 esse
633 875 858 910 persuasum
885 876 948 898 me
982 863 1115 903 habeo.

486 926 630 974 Corpus
661 928 764 963 enim
800 934 958 973 quatuor
991 939 1036 961 ex
1062 925 1248 960 distinctis
1275 924 1512 960 membranis
1539 931 1713 969 constat,
1765 936 1855 971 quas
1890 924 2003 960 facile
2038 924 2286 973 unusquisque

334 994 374 1030 in
400 990 601 1037 majoribus
629 987 983 1038 Echinorhynchis‚
1020 996 1062 1024 ut
1088 987 1277 1037 Gigante‚
1321 989 1465 1034 majore
1474 1015 1486 1032 ,
1525 988 1695 1034 Spirula‚
1729 987 1978 1024 moniliformi
2005 1002 2026 1025 a
2053 1002 2092 1024 se
2119 989 2290 1025 invicem

335 1047 532 1105 sejungere
566 1061 687 1102 potest
716 1054 781 1099 2),
834 1054 873 1090 in
907 1054 981 1090 illis
1016 1053 1118 1089 enim
1153 1051 1397 1087 membranas
1431 1051 1596 1086 firmiter
1631 1063 1675 1086 ac
1712 1051 1825 1087 dense
1861 1059 1982 1089 textas
2009 1053 2198 1100 invenies3
2250 1054 2290 1090 in

333 1120 539 1157 minoribus
571 1131 692 1167 vem,
744 1125 787 1153 ut
822 1118 1003 1163 caudato,
1056 1117 1240 1161 Lancea,
1293 1115 1568 1164 polymorpho,
1620 1116 1800 1151 Haeruca
1835 1115 1905 1150 duo
1938 1118 1999 1151 vel
2029 1125 2179 1153 tantum
2212 1125 2290 1154 tres

331 1184 531 1220 observare
564 1182 662 1218 mihi
695 1182 828 1228 licuit,
883 1194 973 1218 cum
1006 1182 1045 1217 in
1078 1181 1137 1217 his
1174 1192 1249 1216 una
1280 1181 1343 1216 vel
1377 1180 1496 1216 altera
1530 1178 1753 1214 tenuissima
1792 1179 1891 1215 nullo
1929 1180 2039 1216 modo
2081 1182 2125 1218 ab
2170 1183 2290 1218 altera

329 1247 561 1297 sejungenda
594 1247 656 1286 sit,
686 1267 730 1274 ——-

480 1311 705 1347 Membrana
731 1311 870 1359 prima,
898 1311 931 1347 si
956 1310 1100 1347 vermis
1127 1309 1171 1346 ab
1191 1310 1292 1345 facie
1319 1317 1474 1345 externa
1495 1307 1711 1357 indagatur,
1743 1307 2287 1360 epidermidisanalogum

329 1379 367 1413 in
394 1376 566 1412 omnibus
592 1387 799 1422 praesens,
845 1389 911 1423 pro
939 1375 1088 1411 diverso
1115 1381 1213 1410 statu
1241 1372 1514 1423 magnitudinis
1543 1373 1708 1420 corporis
1736 1380 1866 1409 tamen
1899 1374 2021 1409 laxior
2052 1375 2113 1409 vel
2138 1374 2289 1410 firmior

327 1441 477 1486 tenuior
501 1441 562 1475 vel
589 1439 752 1476 crassior
778 1447 896 1485 texta,
924 1440 962 1476 in
990 1439 1163 1475 omnibus
1192 1452 1238 1474 ex
1262 1439 1337 1474 tela
1365 1438 1542 1473 cellulosa
1569 1444 1727 1477 constat,
1781 1436 1893 1473 Color
1919 1438 2169 1474 membranae
2197 1439 2286 1474 albi-

327 1505 396 1541 dus
422 1514 690 1551 nonnunquam
718 1511 846 1540 autem
875 1517 942 1551 pro
971 1503 1119 1539 diverso
1153 1504 1275 1538 colore
1311 1501 1418 1537 muci
1455 1501 1678 1536 intestinalis
1696 1527 1708 1545 ,
1773 1501 1909 1537 lividus
1928 1528 1940 1546 ,
2006 1504 2287 1549 coerulescens,

326 1569 466 1616 flavus,
495 1569 717 1613 fuvescens,
744 1568 939 1617 nigricans
966 1575 1003 1603 et
1031 1567 1273 1604 aur-antiacus
1301 1572 1475 1613 apparet,
1507 1565 1559 1600 ita
1585 1571 1627 1599 ut
1653 1564 1838 1600 sententia
1865 1565 2053 1601 Miilleri
2073 1570 2107 1612 3)
2135 1568 2289 1603 omnino

328 1647 441 1681 vera,
485 1633 575 1668 dum
604 1634 771 1668 colorem
798 1632 1056 1669 helminthum
1084 1631 1128 1667 de
1157 1644 1222 1667 esu
1249 1629 1476 1667 animalium
1502 1629 1542 1665 in
1568 1641 1727 1675 quorum
1755 1628 1942 1664 intestinis
1970 1629 2100 1665 obviae
2128 1630 2289 1673 derivet,

480 1697 706 1745 Superficies
735 1703 893 1733 externa
921 1695 1165 1744 epidermidis
1195 1695 1235 1731 in
1269 1695 1455 1742 plerisque
1488 1693 1589 1730 nuda
1624 1706 1668 1729 ac
1694 1693 1834 1738 laevis,
1878 1694 1916 1729 in
1944 1694 2131 1730 nonnullis
2158 1702 2288 1731 autem

329 1776 376 1799 ex
409 1763 473 1799 illa
509 1762 636 1798 echini
671 1762 732 1797 vel
765 1761 886 1809 potius
918 1760 1206 1797 excrescentiae
1242 1749 1533 1809 cartilaginosae
1566 1758 1795 1806 proboscidis
1831 1758 2051 1793 aculeorum
2086 1758 2132 1794 ad
2166 1759 2289 1795 instar

327 1835 501 1864 exortum
529 1826 691 1871 ducunt,
720 1839 888 1873 quaeque
915 1826 954 1861 in
981 1825 1123 1860 duabus
1150 1836 1263 1871 supra
1288 1823 1449 1859 laudatis
1468 1822 1801 1870 Echinorhynchis
1828 1823 2076 1870 polymorpho
2102 1831 2139 1859 et
2156 1823 2288 1872 sphae-

327 1892 527 1940 rocephalo
561 1890 740 1927 senilibus
777 1897 1039 1935 evanescunt,
1091 1889 1144 1924 ita
1178 1895 1219 1923 ut
1255 1888 1394 1923 horum
1437 1887 1656 1935 superficies
1691 1894 1767 1923 tota
1799 1894 1888 1922 tune
1932 1888 2049 1923 laevis
2091 1888 2288 1932 reddatur,

326 1957 565 1993 Echinorum
599 1955 738 1991 horum
772 1962 908 1990 natura
940 1954 1085 1999 vitrea,
1138 1951 1285 1997 solida,
1338 1952 1605 2003 cartilaginosa
1638 1964 1758 1999 neque
1792 1950 1906 1986 ductu
1934 1952 2125 1999 perforata
2156 1961 2212 1990 est
2247 1961 2288 1990 ut

327 2022 453 2069 itaque
495 2019 723 2056 sententiam
759 2020 809 2058 cl.
837 2018 1068 2066 Rudolphi
1093 2019 1128 2061 4)
1165 2017 1339 2064 accipere
1374 2029 1447 2052 non
1482 2016 1648 2063 possim,
1703 2016 1769 2051 hos
1803 2017 1906 2051 enim
1940 2016 2001 2052 vir
2036 2018 2085 2056 cl,
2122 2017 2287 2067 origines
2337 2055 2338 2059 ,

329 2084 606 2122 minutissimos
632 2095 813 2120 vasorum
841 2082 1122 2118 absorbentium
1150 2081 1289 2126 habet,
1343 2093 1502 2128 quorum
1534 2093 1599 2127 ope
1621 2093 1775 2116 vermes
1803 2093 1876 2115 non
1904 2081 2025 2116 solum
2053 2082 2221 2128 partibus
2247 2083 2289 2118 in

329 2150 460 2198 quibus
487 2149 658 2184 habitant
689 2147 837 2183 firmius
865 2146 1119 2191 adhaereant,
1173 2145 1238 2181 sed
1266 2146 1383 2181 etiam
1411 2145 1590 2181 humores
1618 2144 1808 2185 hauriant.
1836 2164 1887 2171 —

480 2211 569 2249 Cuti
594 2212 684 2248 huic
708 2218 887 2247 externae
910 2212 954 2247 ab
981 2212 1098 2247 variis
1128 2210 1342 2246 auctoribus
1365 2221 1456 2245 vasa
1476 2209 1710 2252 tribuuntur,
1740 2209 1794 2244 sic
1818 2220 1854 2247 v,
1874 2221 1907 2248 c,
1930 2208 1983 2251 ill,
2005 2209 2149 2245 Rudol
2158 2223 2179 2256 p
2189 2210 2235 2246 hi
2257 2211 2292 2256 5)

329 2278 549 2327 nuperrime
583 2277 623 2312 in
658 2283 743 2312 cute
774 2275 1091 2324 Echinorhynchi
1117 2273 1294 2323 Gigantis
1333 2286 1513 2310 vasorum
1548 2273 1645 2308 retia
1673 2272 1958 2321 elegantissima
1997 2272 2160 2320 undique
2196 2275 2293 2310 vesi-

330 2343 424 2380 culis
450 2341 645 2391 pellucidis
674 2339 831 2392 exilibus
859 2347 896 2375 et
921 2339 1091 2375 rotundis
1118 2339 1218 2374 inter
1244 2351 1284 2373 se
1312 2337 1556 2373 cohaerentia
1582 2336 1785 2384 reperiisse
1814 2336 1988 2380 adducit,
2031 2338 2292 2385 vesiculasque

329 2420 395 2456 pro
423 2406 565 2442 centris
594 2417 774 2441 vasorum
803 2403 1166 2440 anastomosantium
1204 2407 1268 2444 aut
1301 2414 1367 2450 pro
1403 2401 1680 2437 dilatationibus
1708 2413 1888 2436 vasorum
1915 2401 2133 2437 coeuntium
2160 2402 2292 2450 habet5

418 2574 450 2610 ι)
492 2572 638 2604 Pallas
662 2573 707 2606 N.
730 2572 835 2604 Nord.
858 2573 969 2612 Beytr0
999 2570 1058 2602 Bd.
1074 2578 1104 2601 1.
1134 2578 1168 2607 p.
1189 2577 1259 2607 107.
1298 2579 1350 2600 nr.
1370 2576 1420 2605 17.

418 2653 451 2688 α)
494 2651 550 2682 111.
573 2652 794 2689 Rudolphi
817 2651 968 2691 (SynopS.
985 2650 1116 2687 p.58‘2·)
1139 2647 1339 2678 encheiresin
1356 2649 1498 2684 adducit,
1531 2657 1629 2687 quarn
1652 2656 1779 2685 semper
1801 2646 1892 2677 felici
1913 2656 1986 2677 eum
2008 2653 2123 2676 eventu
2146 2643 2292 2675 adhibui,

543 2706 835 2747 Echinorhynchus
859 2714 974 2742 nempe
998 2713 1056 2741 per
1078 2704 1204 2743 aliquot
1228 2704 1297 2733 dies
1321 2714 1421 2743 aquae
1451 2711 1483 2732 et
1505 2704 1618 2733 deinde
1650 2706 1781 2741 spiritui
1804 2706 1874 2734 vini
1897 2705 2006 2735 minus
2032 2703 2163 2732 fortiori
2186 2702 2293 2730 immi-

542 2763 639 2798 titur,
684 2771 750 2802 quo
774 2760 859 2791 facto
890 2769 956 2788 non
986 2759 1093 2787 solum
1123 2761 1202 2788 cutis
1232 2767 1381 2795 externa,
1425 2759 1478 2787 sed
1508 2761 1602 2788 etiam
1624 2759 1772 2799 reliquae
1796 2760 1999 2789 membranae
2023 2756 2234 2789 detrahendae
2258 2766 2292 2784 ac

541 2820 756 2860 sejungendae
780 2824 864 2847 sunt.
909 2816 990 2845 Cum
1013 2822 1118 2844 autem
1141 2816 1301 2844 vermium
1334 2815 1539 2844 membranae
1572 2816 1699 2853 spiritui
1730 2816 1757 2844 si
1787 2816 2009 2849 immituntur,
2054 2813 2287 2841 contractionis

541 2875 674 2915 gradum
695 2875 856 2915 attingant
878 2874 937 2914 qui
959 2873 1198 2903 observationes
1221 2874 1302 2902 circa
1326 2880 1517 2903 structuram
1539 2872 1667 2901 turbare
1690 2872 1905 2911 aliquomodo
1926 2869 2041 2907 possit,
2066 2868 2164 2897 aliam
2187 2867 2288 2897 adhue

541 2939 669 2963 secutus
703 2942 788 2963 sum.
847 2927 1133 2970 Echinorhynchos
1171 2930 1257 2958 enim
1295 2936 1438 2958 recentes
1476 2939 1534 2966 per
1564 2928 1657 2957 brevc
1694 2927 1803 2956 solum
1833 2925 1986 2961 temporis
2017 2926 2155 2961 spatium
2185 2934 2287 2964 aquae

541 2987 662 3016 immisi
697 2994 727 3016 et
762 2986 802 3015 ab
831 2986 887 3016 hac
923 2986 1111 3015 tumefactos
1148 2995 1207 3023 per
1240 2986 1379 3014 mediam
1415 2984 1655 3025 longitudinem
1693 2981 1831 3011 dissecui
1868 2979 2135 3019 xuembranasque
2172 2989 2287 3008 acuum

540 3051 715 3080 parvorum
739 3053 823 3081 ope,
869 3043 996 3072 tabulae
1026 3052 1132 3071 cereae
1164 3041 1270 3072 infixi.
1322 3041 1371 3070 Ita
1400 3041 1509 3069 affixis
1539 3040 1756 3072 membranis,
1802 3038 1837 3065 iu
1860 3043 2026 3064 externam
2047 3035 2100 3064 vel
2123 3036 2283 3064 internam

539 3109 613 3128 cum
640 3098 774 3135 lancea,
821 3109 886 3139 qua
914 3100 1032 3128 medici
1064 3099 1101 3127 ad
1136 3098 1373 3136 depressionem
1409 3104 1578 3126 cataractae
1607 3101 1741 3124 utuntur
1759 3112 1767 3127 ‚
1813 3093 1986 3121 incisuram
2016 3091 2103 3126 feci,
2149 3101 2213 3130 qua
2243 3090 2282 3120 ab

538 3156 683 3184 incisura
713 3165 806 3193 saepe
836 3157 880 3184 ita
909 3155 1046 3185 feliciter
1076 3161 1176 3183 totam
1206 3155 1427 3184 membranam
1453 3153 1580 3182 lanceae
1611 3157 1643 3179 et
1671 3149 1830 3187 forcipitis
1862 3157 1923 3186 ope
1954 3147 2081 3186 sejunxi
2114 3154 2150 3176 ut
2179 3153 2278 3176 totam

540 3211 697 3251 integram
726 3212 876 3252 indagare
902 3219 933 3241 et
964 3213 1123 3250 inspicere
1146 3221 1286 3249 possem.

417 3290 448 3327 3)
491 3289 629 3329 Zoolog.
653 3289 737 3321 Dan.
761 3289 838 3319 Vol.
857 3289 898 3320 ΙΙ.
929 3300 961 3327 p.
975 3299 1025 3328 47.
1049 3290 1163 3324 refert,
1209 3299 1241 3318 se
1272 3290 1306 3318 in
1333 3288 1512 3319 ventriculo
1541 3286 1678 3324 piscium
1708 3295 1846 3326 quorum
1875 3281 2139 3322 Echinorhynchi
2169 3282 2277 3313 colore

540 3346 721 3375 aurantiaco
743 3347 854 3383 tincti,
897 3346 1052 3386 reliquias
1074 3344 1220 3384 Squillae
1250 3346 1444 3376 aurantiacas
1466 3343 1518 3374 vel
1546 3342 1819 3384 fucumjrubrum
1848 3341 2030 3378 reperiisse.

420 3425 452 3462 4)
495 3424 670 3454 Entozool.
700 3423 777 3456 vol.
796 3424 821 3453 Ι.
850 3431 975 3464 p.2350

418 3504 449 3540 5)
490 3501 627 3542 Synops.
656 3507 775 3542 p.582·
