2520 4031
1075 297 1187 322 ---.<
1286 283 1335 324 62
1431 296 1540 320 >.-—-

342 392 528 429 intestinis
554 389 780 434 adhaerent,
831 401 877 424 ex
902 387 1039 423 horum
1064 386 1164 422 vasis
1192 396 1348 421 succum
1374 383 1604 431 oxygenium
1630 381 1832 426 hauriunt,
1868 383 1928 418 vel
1954 381 1984 417 si
2010 381 2126 418 libere
2152 381 2192 417 in
2217 382 2271 418 in-

343 455 489 492 testinis
521 458 649 490 natant
681 465 728 489 ex
761 458 933 489 contento
964 450 1063 498 ipso,
1116 461 1204 485 cum
1231 447 1363 494 ubique
1398 453 1502 482 certe
1535 445 1742 494 particulae
1770 457 1836 494 gas
1863 446 2038 496 oxygenii
2071 446 2131 482 vel
2164 446 2270 481 succi

344 516 544 569 oxygenati
569 516 691 553 adsint
712 518 758 561 ¹),
1986 550 1991 556 ,

493 582 637 618 Saccus
671 593 736 628 ope
770 578 926 627 papillae
958 578 1019 613 vel
1061 576 1170 612 tubae
1205 576 1357 611 haustus
1385 581 1421 609 et
1446 586 1514 622 per
1548 573 1703 609 ductum
1738 572 1964 622 proboscidis
2007 582 2044 610 et
2076 574 2198 609 bullae
2233 573 2272 610 in

343 646 501 696 vaginae
536 657 673 682 cavum
707 649 927 691 provectus,
977 654 1023 676 ex
1055 640 1127 676 hac
1159 640 1198 675 in
1232 651 1297 674 vas
1330 638 1501 674 medium
1540 637 1667 673 forsan
1699 636 1874 673 lemnisci
1903 638 1938 682 2)
1972 636 2067 682 abit,
2123 645 2160 673 et
2194 644 2274 672 tam

343 710 451 757 hujus
477 710 515 746 in
542 708 640 745 vasis
667 718 780 752 quam
805 705 1030 753 praesertim
1057 705 1096 740 in
1122 704 1279 741 sacculis
1306 703 1415 751 ipsis,
1445 714 1534 749 quas
1562 701 1773 750 analogiam
1801 700 1963 748 aliquam
1999 714 2086 737 cum
2121 700 2274 751 glandu-

342 774 386 809 lis
413 772 632 809 meseraicis
660 770 797 806 habere
825 781 1043 818 persuasus,
1084 776 1239 805 naturae
1273 767 1417 803 vermis
1451 766 1585 801 similis
1619 764 1803 804 redditur.
1869 766 1925 800 Ex
1958 764 2086 800 infimo
2123 765 2273 801 sacculo

344 850 480 873 succus
507 837 558 872 ita
586 840 750 870 mutatus
776 835 815 871 in
843 847 968 870 ramos
995 833 1075 869 illos
1102 832 1189 868 duos
1217 844 1328 879 supra
1353 837 1583 881 memoratos
1616 842 1747 865 versus
1781 829 1887 865 basin
1921 828 2116 864 tendentes
2152 829 2274 875 ibique

343 901 526 936 fornicem
554 899 791 934 vasculosum
820 895 1026 934 formantes
1051 904 1328 945 transgressus,
1376 894 1434 930 his
1468 893 1508 929 in
1541 893 1660 929 ramis
1686 893 1827 929 iterum
1864 893 2041 929 alteriora
2076 892 2187 940 petit,
2238 899 2275 928 et

342 972 494 999 naturae
522 962 663 998 vermis
690 961 824 998 similis
861 962 982 997 factus
1009 959 1081 995 fine
1108 958 1379 993 lemniscorum
1407 956 1574 1003 adtacto,
1615 957 1655 992 in
1682 957 1779 993 retia
1806 956 2029 1002 effunditur,
2075 969 2120 992 ex
2146 955 2274 1002 quibus

341 1041 409 1076 per
434 1033 551 1062 totum
580 1038 712 1073 corpus
740 1024 1015 1073 circumagitur
1042 1029 1078 1058 et
1104 1021 1173 1058 hoc
1206 1021 1385 1060 nutritur,

490 1091 546 1125 Ita
574 1089 786 1142 nutritionis
814 1087 968 1124 modum
995 1084 1403 1133 Echinorhynchorum
1430 1083 1669 1120 statuendum
1698 1098 1778 1121 esse
1804 1098 2003 1132 persuasus
2043 1084 2141 1121 mihi
2174 1095 2275 1126 sum,

342 1166 430 1191 cum
455 1154 507 1189 ita
536 1165 622 1188 usus
654 1165 882 1202 organorum
908 1152 1002 1187 bene
1030 1150 1277 1198 perspiciatur
1311 1160 1354 1183 ac
1388 1148 1640 1197 intelligatur,
1685 1148 1751 1184 scd
1785 1148 1838 1183 ita
1871 1156 2006 1185 statuto
2038 1149 2118 1196 quis
2151 1148 2277 1183 forsan

342 1231 362 1254 a
389 1230 450 1253 me
477 1224 605 1264 petere
633 1217 766 1264 possit,
812 1229 924 1263 quem
951 1227 1061 1250 usum
1088 1213 1186 1261 poris
1212 1213 1252 1248 in
1279 1211 1475 1259 superficie
1511 1219 1668 1248 externa
1702 1211 1908 1248 observatis
1943 1213 2172 1257 tribuerem,
2216 1211 2278 1258 qui

340 1289 381 1317 ut
408 1271 699 1326 mihi'videtur,
737 1280 869 1316 officiis
897 1290 1125 1329 organorum
1153 1276 1450 1312 excretorioru'm
1477 1275 1700 1325 funguntur.
1771 1275 1925 1312 Tributa
1951 1277 2054 1312 enim
2083 1276 2277 1319 vermibus

341 1344 629 1389 assimilatione,
681 1342 1007 1380 dissimilationem
1046 1353 1187 1389 quoque
1228 1340 1357 1376 adesse
1399 1352 1554 1375 necesse
1593 1347 1669 1384 est,
1714 1339 1980 1385 vermibusque
2013 1353 2155 1388 organa
2189 1351 2278 1387 opus

340 1416 444 1454 sunt,
488 1421 646 1455 quorum
673 1408 808 1444 auxilio
835 1420 1015 1454 quasquas
1041 1407 1081 1442 in
1108 1418 1217 1441 usum
1253 1410 1473 1440 convertere
1507 1403 1606 1439 haud
1632 1411 1805 1451 possunt,
1851 1416 1872 1439 a
1908 1403 2081 1440 materiis
2115 1403 2277 1438 liberare

340 1486 379 1509 se
414 1474 569 1511 soleant.
634 1473 798 1509 Vermes
840 1471 991 1519 quidem
1025 1477 1156 1506 su‘ccos
1198 1475 1352 1505 naturae
1388 1467 1552 1514 corporis
1588 1480 1699 1514 quam
1734 1468 1902 1503 maxime
1937 1468 2188 1517 homogeneos
2219 1479 2279 1502 ex—

341 1550 477 1586 sugere
506 1538 626 1572 solum
655 1536 848 1579 videntur,
903 1542 943 1570 ut
962 1535 1015 1570 ita
1043 1533 1277 1569 dissimilatio
1304 1532 1463 1567 minima
1490 1530 1618 1566 forsan
1645 1531 1714 1574 sit,
1764 1543 1895 1567 omnes
1930 1544 2020 1567 vero
2055 1544 2186 1568 succos
2219 1530 2280 1566 ab-

342 1602 483 1640 sorbtos
510 1601 582 1636 illis
611 1600 657 1635 ad
685 1599 927 1636 nutriendum
956 1611 1043 1645 opus
1071 1610 1143 1633 non
1167 1610 1247 1633 esse
1275 1603 1424 1632 certum
1452 1595 1549 1630 mihi
1575 1594 1744 1639 videtur,
1788 1595 1988 1641 praecipue
2024 1608 2114 1632 cum
2148 1608 2279 1631 secun-

338 1666 432 1701 dum
460 1666 507 1704 cl,
525 1663 669 1701 Goldf
672 1678 696 1698 u
706 1666 742 1699 ss
763 1665 798 1709 3)
825 1663 1051 1699 sententiam
1080 1673 1219 1711 organa
1246 1660 1458 1710 vegetativa
1480 1658 1633 1705 reliquis
1649 1658 1820 1694 omnibus
1846 1658 2108 1708 praevigeant‚
2135 1666 2173 1693 et
2198 1666 2278 1693 tam

342 1730 546 1765 humorum
573 1728 782 1776 superfluae
811 1734 956 1775 partes,
996 1739 1108 1773 quam
1132 1739 1177 1761 ex
1205 1725 1368 1772 eorporis
1394 1725 1473 1771 jam
1502 1723 1718 1759 assimilatis
1740 1722 1908 1770 partibus
1932 1723 2141 1770 particulae
2168 1733 2278 1768 quae-

343 1792 431 1828 dam
458 1792 689 1839 dejiciendae
720 1799 830 1837 sunt,
873 1803 966 1838 quae
1001 1790 1144 1826 functio
1178 1802 1200 1826 a
1229 1789 1328 1836 poris
1365 1788 1532 1824 cutaneis
1566 1793 1670 1823 certe
1712 1786 1924 1837 perficitur,
1975 1799 2063 1822 cum
2098 1786 2282 1822 sententia

344 1859 391 1896 cl.
418 1856 651 1903 Rudolplii
671 1860 702 1898 4)
729 1856 931 1892 materiam
958 1855 1096 1891 flavam
1134 1864 1398 1899 nonnunquam
1434 1852 1534 1888 inter
1566 1851 1714 1887 tunicas
1747 1858 1989 1898 praesentem
2008 1864 2094 1903 'per
2127 1863 2166 1886 os
2201 1863 2281 1898 pro-

336 1921 500 1957 ‘boscidis
536 1919 787 1967 dejiciendam
830 1932 932 1964 esse,
980 1917 1194 1954 omnimodo
1237 1924 1365 1953 contra
1407 1928 1519 1951 usum
1551 1915 1783 1963 proboscidei
1816 1915 1890 1951 oris
1931 1915 2092 1959 militat,
2137 1921 2173 1950 et
2209 1915 2282 1950 alia

342 1992 516 2032 apertura
541 1984 813 2020 helminthibus
840 1984 898 2020 his
924 1983 1062 2019 deficit.

912 2081 1407 2126 Generationis
1469 2077 1717 2123 modus.

492 2159 614 2195 Pauca
657 2157 701 2193 de
743 2156 993 2193 fuuctionibus
1036 2166 1285 2205 organorum,
1336 2167 1428 2201 quae
1472 2162 1660 2190 structura
1694 2166 1760 2190 sua
1802 2153 1992 2202 imprimis
2027 2153 2122 2200 quod
2156 2167 2283 2190 mares

346 2224 499 2268 attinet,
548 2235 740 2258 summam
775 2234 863 2258 cum
891 2220 1113 2270 genitalibus
1149 2219 1299 2268 organis
1333 2219 1507 2254 animalis
1543 2218 1684 2255 altioris
1718 2217 1876 2265 produnt
1914 2219 2148 2267 analogiam,
2198 2231 2284 2253 meo

344 2288 481 2336 judicio
507 2295 543 2323 et
571 2300 752 2323 consensu
779 2285 950 2322 omnium
976 2291 1172 2320 auctorum
1198 2283 1454 2332 propagationi
1479 2282 1788 2328 inservientium,
1824 2282 1984 2319 dicenda
2011 2281 2132 2318 adhuc
2159 2295 2285 2329 super-

433 2429 462 2465 1)
505 2426 555 2456 De
580 2427 793 2465 respiratione
823 2425 980 2454 vermium
1003 2423 1045 2453 cl.
1069 2423 1131 2452 viri
1154 2422 1254 2451 varias
1278 2420 1469 2461 hypotheses
1497 2421 1719 2459 protulerunt,
1759 2421 1803 2451 sie
1826 2418 2001 2450 Fischer
2030 2419 2069 2453 (1.
2095 2421 2136 2455 c.)
2157 2419 2284 2448 aculeos

545 2483 742 2512 Taeniarum
764 2491 881 2522 organa
901 2479 1117 2519 respirationis
1131 2477 1244 2514 habet3
1290 2476 1390 2506 Hum
1404 2477 1521 2506 boldt
1546 2475 1707 2513 (Versuch
1724 2475 1804 2504 iiber
1820 2476 1870 2504 die
1886 2476 2026 2516 gereizte
2046 2474 2192 2503 Muskel-
2218 2475 2285 2503 und

555 2537 653 2569 Nerv.
680 2537 784 2566 Faser.
807 2536 928 2567 Thl.1.
961 2546 989 2575 p.
1007 2537 1096 2573 272.)
1124 2543 1246 2564 vermes
1274 2543 1333 2572 ope
1356 2532 1532 2571 superficiei
1557 2533 1712 2571 respirare
1745 2531 1894 2561 affirmat.
1942 2530 2036 2559 Otto
2067 2530 2205 2569 (Magea.
2230 2530 2286 2558 der

555 2594 642 2624 Berl.
662 2593 846 2624 Gesellsch.
874 2592 969 2630 Bd.7.
1000 2601 1030 2629 p.
1046 2591 1134 2628 224.)
1156 2597 1186 2618 et
1208 2588 1444 2627 Spedalieri
1468 2587 1648 2626 (ttudolpht
1666 2586 1800 2626 Synops.
1820 2597 1848 2624 p.
1863 2588 1949 2625 579.)
1973 2586 2025 2614 fila
2049 2586 2165 2625 quibus
2188 2585 2284 2616 tubus

556 2650 694 2677 cibarius
728 2650 762 2678 in
795 2648 1011 2678 Neniatoideis
1045 2654 1075 2675 et
1100 2646 1246 2675 lemnisci
1281 2647 1315 2673 in
1341 2643 1629 2683 Acanthocephalis
1660 2650 1848 2677 nectuntur,
1893 2642 2095 2685 respirationi
2127 2643 2283 2670 inservire

558 2704 688 2740 docent·‚
732 2703 959 2733 Steinbuch
988 2700 1188 2739 (Comment.
1214 2701 1251 2729 de
1274 2701 1373 2729 Taen.
1404 2700 1545 2740 hydatig.
1568 2699 1707 2730 anonial.
1754 2699 1880 2739 Erlang.
1901 2704 1988 2733 1802.
2013 2708 2042 2736 p.
2064 2699 2147 2734 103.)
2176 2697 2285 2727 oscula

558 2759 770 2794 Taeniarum,
802 2766 832 2788 et
850 2758 1127 2798 Cysticercorum,
1164 2766 1262 2795 poros
1280 2756 1525 2790 Trematmlum,
1556 2754 1730 2794 tubamque
1748 2753 2010 2793 Echinorhynchi
2033 2752 2162 2788 Tubae,
2187 2762 2285 2791 quani

556 2815 691 2844 ducibus
728 2815 881 2843 Zedero
914 2813 1064 2852 (Naturg.
1089 2822 1117 2850 p.
1138 2814 1222 2850 143.)
1251 2819 1281 2840 et
1314 2809 1529 2849 Rudolphi
1561 2810 1748 2846 (Entozool.
1780 2809 1857 2840 Vol.
1871 2810 1893 2841 Ι.
1918 2811 2046 2849 p.253.)
2073 2810 2107 2836 in
2133 2806 2285 2836 &mnibus

559 2877 759 2909 praesentem
785 2870 977 2907 suspicatur,
1015 2878 1133 2908 organa
1160 2867 1378 2906 respirationis
1410 2876 1479 2895 esse
1512 2861 1631 2895 statuit.
1676 2865 1857 2895 Sententiae
1889 2873 1993 2894 autem
2023 2865 2147 2903 maguis
2185 2863 2285 2892 adhue

559 2934 747 2964 premuntur
778 2925 902 2959 dubiis,
947 2930 1056 2953 contra
1089 2925 1224 2963 primam
1260 2932 1372 2961 nempe
1408 2930 1518 2951 natura
1557 2922 1661 2951 solida
1691 2922 1880 2951 echinorum
1911 2921 2061 2957 disputat,
2114 2919 2285 2947 secundam

558 2981 639 3011 haud
674 2982 898 3010 admittendam
932 2990 1015 3013 esse,
1062 2989 1101 3007 ex
1133 2979 1324 3019 argumentis
1357 2989 1374 3007 a
1407 2978 1446 3008 cl.
1482 2977 1696 3016 liudolphi
1732 2979 1863 3007 addictis
1891 2974 2016 3010 elucet3
2060 2974 2177 3013 filaque
2213 2974 2284 3009 illa,

560 3038 620 3065 etsi
637 3038 670 3065 in
692 3036 896 3066 Ascaridibus
922 3047 962 3065 ex
987 3036 1142 3064 inumeris
1167 3035 1318 3063 vesiculis
1339 3041 1498 3067 constant,
1537 3027 1571 3062 si¹
1589 3033 1731 3062 tracheae
1752 3037 1870 3065 essent,
1910 3029 2116 3058 Helmimhes
2136 3038 2204 3058 111111
2223 3040 2286 3058 ma-

562 3094 621 3129 jori
638 3100 784 3130 apparatu
805 3102 996 3131 organorum
1019 3091 1236 3129 respirationis
1258 3090 1410 3129 gaudere,
1441 3100 1536 3129 quam
1562 3091 1695 3119 insecta.
1727 3086 1884 3116 facillime
1897 3087 2110 3124 perspicuum.
2156 3085 2284 3114 Stein—

560 3146 699 3176 buchii
736 3149 892 3176 sententia
923 3147 1036 3179 solum'
1059 3146 1168 3186 aliqua
1198 3154 1284 3184 parte
1307 3146 1501 3174 admittenda
1532 3145 1594 3179 est',
1633 3142 1866 3173 contemnenda
1887 3151 1963 3172 vero
1992 3143 2019 3169 si
2043 3142 2285 3178 respirationem

562 3212 753 3242 organorum
775 3203 989 3232 suctoriorum
1009 3212 1079 3240 ope,
1107 3211 1202 3241 quam
1220 3202 1252 3230 in
1274 3203 1403 3230 caeteris
1421 3200 1623 3233 animalibus,
1656 3200 1841 3226 attractione
1861 3208 1911 3237 gas
1934 3198 2092 3238 exygenii
2106 3197 2176 3225 fieri
2193 3198 2285 3228 sistit,

441 3283 472 3317 2)
514 3278 753 3310 Leniniscorum
793 3289 911 3315 usum,
970 3281 1007 3309 ad
1043 3281 1252 3309 nutritionem
1291 3286 1456 3316 spectare,
1514 3276 1553 3306 ab
1592 3276 1743 3305 omnibus
1781 3275 1961 3305 auctoribus
2001 3274 2183 3307 stabilitum
2221 3283 2283 3305 est,

563 3335 605 3364 el.
634 3331 792 3364 Cuvier
826 3334 957 3375 (Regna
988 3336 1113 3364 animal.
1133 3335 1178 3375 ·T.
1197 3334 1254 3364 IV.
1280 3336 1394 3372 p.29.)
1430 3334 1508 3363 illos
1541 3342 1632 3362 coeca
1661 3342 1732 3362 esse
1762 3331 1908 3360 affirmat,

443 3405 473 3439 3)
516 3402 624 3432 Ueber
645 3404 695 3432 die
716 3403 1113 3443 Entwicklungs-Stuffen
1135 3404 1190 3432 der
1212 3402 1343 3432 Thiere.
1376 3407 1478 3439 21817·

445 3482 478 3519 4)
520 3480 685 3513 Eotozool.
715 3479 830 3510 V01.1.
864 3491 891 3519 p.
911 3489 979 3521 255.
