<?xml version="1.0" encoding="UTF-8"?>
<!DOCTYPE html PUBLIC "-//W3C//DTD XHTML 1.0 Transitional//EN"
    "http://www.w3.org/TR/xhtml1/DTD/xhtml1-transitional.dtd">
<html xmlns="http://www.w3.org/1999/xhtml" xml:lang="en" lang="en">
 <head>
  <title>
</title>
<meta http-equiv="Content-Type" content="text/html;charset=utf-8" />
  <meta name='ocr-system' content='tesseract 3.04.00' />
  <meta name='ocr-capabilities' content='ocr_page ocr_carea ocr_par ocr_line ocrx_word'/>
</head>
<body>
  <div class='ocr_page' id='page_1' title='image "./dehelminthibusac00west_0071.png"; bbox 0 0 2520 4031; ppageno 0'>
   <div class='ocr_carea' id='block_1_1' title="bbox 936 273 1398 322">
    <p class='ocr_par' dir='ltr' id='par_1_1' title="bbox 936 273 1398 322">
     <span class='ocr_line' id='line_1_1' title="bbox 936 273 1398 322; baseline -0.009 -1"><span class='ocrx_word' id='word_1_1' title='bbox 936 273 1188 322; x_wconf 17' lang='lat'>-···-**61</span> <span class='ocrx_word' id='word_1_2' title='bbox 1290 299 1398 319; x_wconf 51' lang='grc' dir='ltr'>»η-</span> 
     </span>
    </p>
   </div>
   <div class='ocr_carea' id='block_1_2' title="bbox 192 384 2134 3191">
    <p class='ocr_par' dir='ltr' id='par_1_2' title="bbox 204 384 2130 1000">
     <span class='ocr_line' id='line_1_2' title="bbox 208 384 2130 445; baseline 0.004 -25"><span class='ocrx_word' id='word_1_3' title='bbox 208 385 422 432; x_wconf 86' lang='lat' dir='ltr'>preboscide</span> <span class='ocrx_word' id='word_1_4' title='bbox 450 386 564 422; x_wconf 79' lang='lat' dir='ltr'>etiam</span> <span class='ocrx_word' id='word_1_5' title='bbox 592 386 753 435; x_wconf 78' lang='lat' dir='ltr'>ligatura</span> <span class='ocrx_word' id='word_1_6' title='bbox 779 385 1010 432; x_wconf 83' lang='lat' dir='ltr'>intercapta,</span> <span class='ocrx_word' id='word_1_7' title='bbox 1064 397 1198 433; x_wconf 78' lang='lat' dir='ltr'>aquam</span> <span class='ocrx_word' id='word_1_8' title='bbox 1226 385 1298 420; x_wconf 60' lang='lat' dir='ltr'>cui-</span> <span class='ocrx_word' id='word_1_9' title='bbox 1315 384 1508 420; x_wconf 90' lang='lat' dir='ltr'>immissus</span> <span class='ocrx_word' id='word_1_10' title='bbox 1533 386 1572 421; x_wconf 90' lang='lat' dir='ltr'>in</span> <span class='ocrx_word' id='word_1_11' title='bbox 1600 399 1639 422; x_wconf 90' lang='lat' dir='ltr'>se</span> <span class='ocrx_word' id='word_1_12' title='bbox 1666 393 1857 439; x_wconf 76' lang='lat' dir='ltr'>recipere,</span> <span class='ocrx_word' id='word_1_13' title='bbox 1902 401 1940 429; x_wconf 82' lang='lat' dir='ltr'>et</span> <span class='ocrx_word' id='word_1_14' title='bbox 1972 396 2023 431; x_wconf 77' lang='lat' dir='ltr'>ita</span> <span class='ocrx_word' id='word_1_15' title='bbox 2056 399 2130 445; x_wconf 78' lang='lat' dir='ltr'>ple.</span> 
     </span>
     <span class='ocr_line' id='line_1_3' title="bbox 207 448 2128 500; baseline 0 -16"><span class='ocrx_word' id='word_1_16' title='bbox 207 462 365 496; x_wconf 88' lang='lat' dir='ltr'>rumque</span> <span class='ocrx_word' id='word_1_17' title='bbox 394 458 610 500; x_wconf 74' lang='lat' dir='ltr'>turgescere</span> <span class='ocrx_word' id='word_1_18' title='bbox 637 457 677 486; x_wconf 92' lang='lat' dir='ltr'>ut</span> <span class='ocrx_word' id='word_1_19' title='bbox 703 448 829 485; x_wconf 85' lang='lat' dir='ltr'>tunica</span> <span class='ocrx_word' id='word_1_20' title='bbox 857 455 1010 486; x_wconf 84' lang='lat' dir='ltr'>externa</span> <span class='ocrx_word' id='word_1_21' title='bbox 1037 450 1115 498; x_wconf 88' lang='lat' dir='ltr'>ipsa</span> <span class='ocrx_word' id='word_1_22' title='bbox 1142 457 1339 497; x_wconf 85' lang='lat' dir='ltr'>rumpatur</span> <span class='ocrx_word' id='word_1_23' title='bbox 1360 451 1392 495; x_wconf 84' lang='grc' dir='ltr'>ι)</span> <span class='ocrx_word' id='word_1_24' title='bbox 1420 457 1456 485; x_wconf 88' lang='lat' dir='ltr'>et</span> <span class='ocrx_word' id='word_1_25' title='bbox 1483 462 1528 485; x_wconf 85' lang='lat' dir='ltr'>ex</span> <span class='ocrx_word' id='word_1_26' title='bbox 1547 449 1593 485; x_wconf 82' lang='lat' dir='ltr'>iis</span> <span class='ocrx_word' id='word_1_27' title='bbox 1615 456 1891 496; x_wconf 63' lang='lat' dir='ltr'>permeabiljtas</span> <span class='ocrx_word' id='word_1_28' title='bbox 1913 459 2128 499; x_wconf 59' lang='lat' dir='ltr'>tunicafflffl</span> 
     </span>
     <span class='ocr_line' id='line_1_4' title="bbox 209 513 2129 571; baseline 0.006 -23"><span class='ocrx_word' id='word_1_29' title='bbox 209 515 371 561; x_wconf 84' lang='lat' dir='ltr'>corporis</span> <span class='ocrx_word' id='word_1_30' title='bbox 406 515 683 562; x_wconf 56' lang='lat' dir='ltr'>comprobatum</span> <span class='ocrx_word' id='word_1_31' title='bbox 738 514 922 561; x_wconf 85' lang='lat' dir='ltr'>siquidem</span> <span class='ocrx_word' id='word_1_32' title='bbox 961 522 1090 550; x_wconf 88' lang='lat' dir='ltr'>notum</span> <span class='ocrx_word' id='word_1_33' title='bbox 1133 521 1188 549; x_wconf 92' lang='lat' dir='ltr'>est</span> <span class='ocrx_word' id='word_1_34' title='bbox 1223 513 1629 562; x_wconf 87' lang='lat' dir='ltr'>Echinorhynchorum</span> <span class='ocrx_word' id='word_1_35' title='bbox 1670 526 1822 562; x_wconf 74' lang='lat' dir='ltr'>corpora</span> <span class='ocrx_word' id='word_1_36' title='bbox 1867 535 2129 571; x_wconf 75' lang='lat' dir='ltr'>nonnunquam</span> 
     </span>
     <span class='ocr_line' id='line_1_5' title="bbox 208 578 2128 626; baseline 0.006 -14"><span class='ocrx_word' id='word_1_37' title='bbox 208 578 329 613; x_wconf 84' lang='lat' dir='ltr'>colore</span> <span class='ocrx_word' id='word_1_38' title='bbox 356 580 458 614; x_wconf 90' lang='lat' dir='ltr'>muci</span> <span class='ocrx_word' id='word_1_39' title='bbox 485 579 705 615; x_wconf 84' lang='lat' dir='ltr'>intestinalis</span> <span class='ocrx_word' id='word_1_40' title='bbox 743 579 862 615; x_wconf 88' lang='lat' dir='ltr'>tincta</span> <span class='ocrx_word' id='word_1_41' title='bbox 894 591 995 623; x_wconf 89' lang='lat' dir='ltr'>esse,</span> <span class='ocrx_word' id='word_1_42' title='bbox 1042 579 1142 613; x_wconf 85' lang='lat' dir='ltr'>hunc</span> <span class='ocrx_word' id='word_1_43' title='bbox 1172 585 1298 613; x_wconf 89' lang='lat' dir='ltr'>autem</span> <span class='ocrx_word' id='word_1_44' title='bbox 1333 590 1447 625; x_wconf 87' lang='lat' dir='ltr'>aquae</span> <span class='ocrx_word' id='word_1_45' title='bbox 1481 578 1655 615; x_wconf 86' lang='lat' dir='ltr'>immissa</span> <span class='ocrx_word' id='word_1_46' title='bbox 1688 579 1884 626; x_wconf 81' lang='lat' dir='ltr'>amittere,</span> <span class='ocrx_word' id='word_1_47' title='bbox 1928 588 2128 625; x_wconf 72' lang='lat' dir='ltr'>lemniscos</span> 
     </span>
     <span class='ocr_line' id='line_1_6' title="bbox 207 641 2129 690; baseline 0.004 -14"><span class='ocrx_word' id='word_1_48' title='bbox 207 654 295 677; x_wconf 87' lang='lat' dir='ltr'>vero</span> <span class='ocrx_word' id='word_1_49' title='bbox 321 642 359 677; x_wconf 89' lang='lat' dir='ltr'>in</span> <span class='ocrx_word' id='word_1_50' title='bbox 387 643 557 680; x_wconf 85' lang='lat' dir='ltr'>omnibus</span> <span class='ocrx_word' id='word_1_51' title='bbox 585 656 726 690; x_wconf 87' lang='lat' dir='ltr'>quoque</span> <span class='ocrx_word' id='word_1_52' title='bbox 762 643 883 679; x_wconf 86' lang='lat' dir='ltr'>adhuc</span> <span class='ocrx_word' id='word_1_53' title='bbox 917 642 1044 677; x_wconf 84' lang='lat' dir='ltr'>tinctis</span> <span class='ocrx_word' id='word_1_54' title='bbox 1079 641 1287 676; x_wconf 81' lang='lat' dir='ltr'>albissimos</span> <span class='ocrx_word' id='word_1_55' title='bbox 1318 643 1354 687; x_wconf 84' lang='lat'>2)</span> <span class='ocrx_word' id='word_1_56' title='bbox 1387 655 1537 690; x_wconf 79' lang='lat' dir='ltr'>semper</span> <span class='ocrx_word' id='word_1_57' title='bbox 1570 656 1670 688; x_wconf 86' lang='lat' dir='ltr'>esse,</span> <span class='ocrx_word' id='word_1_58' title='bbox 1724 643 1818 690; x_wconf 84' lang='lat' dir='ltr'>quod</span> <span class='ocrx_word' id='word_1_59' title='bbox 1849 645 1973 685; x_wconf 73' lang='lat' dir='ltr'>forsan</span> <span class='ocrx_word' id='word_1_60' title='bbox 2007 653 2129 689; x_wconf 72' lang='lat' dir='ltr'>absor-</span> 
     </span>
     <span class='ocr_line' id='line_1_7' title="bbox 206 704 2128 757; baseline 0.003 -16"><span class='ocrx_word' id='word_1_61' title='bbox 206 707 346 742; x_wconf 82' lang='lat' dir='ltr'>tionem</span> <span class='ocrx_word' id='word_1_62' title='bbox 377 709 586 756; x_wconf 84' lang='lat' dir='ltr'>superficiei</span> <span class='ocrx_word' id='word_1_63' title='bbox 620 708 785 757; x_wconf 85' lang='lat' dir='ltr'>corporis</span> <span class='ocrx_word' id='word_1_64' title='bbox 820 706 1058 751; x_wconf 75' lang='lat' dir='ltr'>statuminat3</span> <span class='ocrx_word' id='word_1_65' title='bbox 1110 705 1295 752; x_wconf 86' lang='lat' dir='ltr'>siquidem</span> <span class='ocrx_word' id='word_1_66' title='bbox 1329 704 1488 752; x_wconf 86' lang='lat' dir='ltr'>denique</span> <span class='ocrx_word' id='word_1_67' title='bbox 1525 713 1658 743; x_wconf 79' lang='lat' dir='ltr'>natura</span> <span class='ocrx_word' id='word_1_68' title='bbox 1694 714 1838 743; x_wconf 79' lang='lat' dir='ltr'>mutata</span> <span class='ocrx_word' id='word_1_69' title='bbox 1865 708 2128 753; x_wconf 65' lang='lat' dir='ltr'>intestinorum</span> 
     </span>
     <span class='ocr_line' id='line_1_8' title="bbox 207 769 2129 821; baseline 0.002 -15"><span class='ocrx_word' id='word_1_70' title='bbox 207 770 266 806; x_wconf 87' lang='lat' dir='ltr'>cui</span> <span class='ocrx_word' id='word_1_71' title='bbox 309 772 649 821; x_wconf 80' lang='lat' dir='ltr'>Echinorhynchus</span> <span class='ocrx_word' id='word_1_72' title='bbox 696 773 894 816; x_wconf 78' lang='lat' dir='ltr'>inhaeret,</span> <span class='ocrx_word' id='word_1_73' title='bbox 959 769 1232 805; x_wconf 84' lang='lat' dir='ltr'>absorbtionem</span> <span class='ocrx_word' id='word_1_74' title='bbox 1280 769 1444 816; x_wconf 85' lang='lat' dir='ltr'>corporis</span> <span class='ocrx_word' id='word_1_75' title='bbox 1485 770 1710 806; x_wconf 80' lang='lat' dir='ltr'>confirmare</span> <span class='ocrx_word' id='word_1_76' title='bbox 1760 771 1932 818; x_wconf 77' lang='lat' dir='ltr'>videtur3</span> <span class='ocrx_word' id='word_1_77' title='bbox 2002 783 2129 817; x_wconf 68' lang='lat' dir='ltr'>tamen</span> 
     </span>
     <span class='ocr_line' id='line_1_9' title="bbox 205 833 2130 885; baseline 0.003 -17"><span class='ocrx_word' id='word_1_78' title='bbox 205 835 331 872; x_wconf 81' lang='lat' dir='ltr'>omnia</span> <span class='ocrx_word' id='word_1_79' title='bbox 358 836 451 873; x_wconf 85' lang='lat' dir='ltr'>haec</span> <span class='ocrx_word' id='word_1_80' title='bbox 485 843 707 885; x_wconf 79' lang='lat' dir='ltr'>argumenta</span> <span class='ocrx_word' id='word_1_81' title='bbox 743 835 839 871; x_wconf 86' lang='lat' dir='ltr'>mihi</span> <span class='ocrx_word' id='word_1_82' title='bbox 873 833 973 870; x_wconf 87' lang='lat' dir='ltr'>haud</span> <span class='ocrx_word' id='word_1_83' title='bbox 1007 833 1216 879; x_wconf 81' lang='lat' dir='ltr'>sufficiunt,</span> <span class='ocrx_word' id='word_1_84' title='bbox 1270 841 1311 869; x_wconf 88' lang='lat' dir='ltr'>ut</span> <span class='ocrx_word' id='word_1_85' title='bbox 1346 833 1543 869; x_wconf 80' lang='lat' dir='ltr'>crederem</span> <span class='ocrx_word' id='word_1_86' title='bbox 1579 834 1909 883; x_wconf 83' lang='lat' dir='ltr'>Echinorhynchis</span> <span class='ocrx_word' id='word_1_87' title='bbox 1942 839 2038 875; x_wconf 85' lang='lat' dir='ltr'>vivis</span> <span class='ocrx_word' id='word_1_88' title='bbox 2073 843 2130 878; x_wconf 77' lang='lat' dir='ltr'>ab-</span> 
     </span>
     <span class='ocr_line' id='line_1_10' title="bbox 204 897 2130 953; baseline 0.005 -21"><span class='ocrx_word' id='word_1_89' title='bbox 204 898 430 935; x_wconf 82' lang='lat' dir='ltr'>sorbtionem</span> <span class='ocrx_word' id='word_1_90' title='bbox 472 899 601 946; x_wconf 85' lang='lat' dir='ltr'><strong>liquidi</strong></span> <span class='ocrx_word' id='word_1_91' title='bbox 631 899 824 936; x_wconf 70' lang='lat' dir='ltr'>&#39;nutritorii</span> <span class='ocrx_word' id='word_1_92' title='bbox 865 912 932 947; x_wconf 89' lang='lat' dir='ltr'>per</span> <span class='ocrx_word' id='word_1_93' title='bbox 973 897 1211 947; x_wconf 88' lang='lat' dir='ltr'>superficiem</span> <span class='ocrx_word' id='word_1_94' title='bbox 1253 898 1417 946; x_wconf 86' lang='lat' dir='ltr'>corporis</span> <span class='ocrx_word' id='word_1_95' title='bbox 1458 911 1499 933; x_wconf 89' lang='lat' dir='ltr'>re</span> <span class='ocrx_word' id='word_1_96' title='bbox 1537 910 1627 934; x_wconf 82' lang='lat' dir='ltr'>vera</span> <span class='ocrx_word' id='word_1_97' title='bbox 1674 897 1782 945; x_wconf 80' lang='lat' dir='ltr'>fieri,</span> <span class='ocrx_word' id='word_1_98' title='bbox 1837 911 2130 953; x_wconf 76' lang='lat' dir='ltr'>argumentaque</span> 
     </span>
     <span class='ocr_line' id='line_1_11' title="bbox 204 964 536 1000; baseline 0.006 -3"><span class='ocrx_word' id='word_1_99' title='bbox 204 975 290 999; x_wconf 74' lang='lat' dir='ltr'>inea</span> <span class='ocrx_word' id='word_1_100' title='bbox 318 964 409 999; x_wconf 83' lang='lat' dir='ltr'>haec</span> <span class='ocrx_word' id='word_1_101' title='bbox 442 971 536 1000; x_wconf 88' lang='lat' dir='ltr'>sunt.</span> 
     </span>
    </p>

    <p class='ocr_par' dir='ltr' id='par_1_3' title="bbox 195 1027 2134 2163">
     <span class='ocr_line' id='line_1_12' title="bbox 346 1027 2132 1082; baseline 0.004 -20"><span class='ocrx_word' id='word_1_102' title='bbox 346 1027 386 1063; x_wconf 89' lang='lat' dir='ltr'>Si</span> <span class='ocrx_word' id='word_1_103' title='bbox 421 1028 521 1063; x_wconf 87' lang='lat' dir='ltr'>enim</span> <span class='ocrx_word' id='word_1_104' title='bbox 556 1029 654 1064; x_wconf 86' lang='lat' dir='ltr'>vasis</span> <span class='ocrx_word' id='word_1_105' title='bbox 692 1029 757 1065; x_wconf 87' lang='lat' dir='ltr'>sub</span> <span class='ocrx_word' id='word_1_106' title='bbox 793 1028 1024 1076; x_wconf 87' lang='lat' dir='ltr'>epidermide</span> <span class='ocrx_word' id='word_1_107' title='bbox 1056 1027 1351 1075; x_wconf 87' lang='lat' dir='ltr'>perreptantibus</span> <span class='ocrx_word' id='word_1_108' title='bbox 1385 1040 1428 1064; x_wconf 85' lang='lat' dir='ltr'>ac</span> <span class='ocrx_word' id='word_1_109' title='bbox 1465 1028 1584 1063; x_wconf 87' lang='lat' dir='ltr'>solum</span> <span class='ocrx_word' id='word_1_110' title='bbox 1618 1039 1795 1074; x_wconf 87' lang='lat' dir='ltr'>pororum</span> <span class='ocrx_word' id='word_1_111' title='bbox 1830 1041 1895 1076; x_wconf 89' lang='lat' dir='ltr'>ope</span> <span class='ocrx_word' id='word_1_112' title='bbox 1931 1043 2018 1068; x_wconf 89' lang='lat' dir='ltr'>cum</span> <span class='ocrx_word' id='word_1_113' title='bbox 2052 1034 2132 1082; x_wconf 87' lang='lat' dir='ltr'>ipsa</span> 
     </span>
     <span class='ocr_line' id='line_1_13' title="bbox 202 1090 2133 1143; baseline 0.004 -18"><span class='ocrx_word' id='word_1_114' title='bbox 202 1090 397 1137; x_wconf 80' lang='lat' dir='ltr'>superficie</span> <span class='ocrx_word' id='word_1_115' title='bbox 446 1094 812 1129; x_wconf 75' lang='lat' dir='ltr'>communicantibus</span> <span class='ocrx_word' id='word_1_116' title='bbox 862 1093 919 1128; x_wconf 90' lang='lat' dir='ltr'>vis</span> <span class='ocrx_word' id='word_1_117' title='bbox 965 1092 1104 1127; x_wconf 81' lang='lat' dir='ltr'>tributa</span> <span class='ocrx_word' id='word_1_118' title='bbox 1150 1099 1277 1136; x_wconf 84' lang='lat' dir='ltr'>esset,</span> <span class='ocrx_word' id='word_1_119' title='bbox 1343 1092 1521 1127; x_wconf 87' lang='lat' dir='ltr'>humores</span> <span class='ocrx_word' id='word_1_120' title='bbox 1573 1092 1739 1128; x_wconf 80' lang='lat' dir='ltr'>maxime</span> <span class='ocrx_word' id='word_1_121' title='bbox 1784 1092 2034 1143; x_wconf 85' lang='lat' dir='ltr'>homogeneos</span> <span class='ocrx_word' id='word_1_122' title='bbox 2087 1111 2133 1133; x_wconf 78' lang='lat' dir='ltr'>ex</span> 
     </span>
     <span class='ocr_line' id='line_1_14' title="bbox 202 1155 2133 1204; baseline 0.004 -15"><span class='ocrx_word' id='word_1_123' title='bbox 202 1167 313 1190; x_wconf 88' lang='lat' dir='ltr'>muco</span> <span class='ocrx_word' id='word_1_124' title='bbox 339 1156 398 1190; x_wconf 81' lang='lat' dir='ltr'>vel</span> <span class='ocrx_word' id='word_1_125' title='bbox 424 1157 559 1204; x_wconf 86' lang='lat' dir='ltr'>liquido</span> <span class='ocrx_word' id='word_1_126' title='bbox 588 1158 790 1194; x_wconf 87' lang='lat' dir='ltr'>intestinali</span> <span class='ocrx_word' id='word_1_127' title='bbox 819 1156 1038 1201; x_wconf 86' lang='lat' dir='ltr'>absorbere,</span> <span class='ocrx_word' id='word_1_128' title='bbox 1091 1155 1217 1191; x_wconf 89' lang='lat' dir='ltr'>nescio</span> <span class='ocrx_word' id='word_1_129' title='bbox 1244 1168 1313 1191; x_wconf 81' lang='lat' dir='ltr'>cur</span> <span class='ocrx_word' id='word_1_130' title='bbox 1338 1155 1457 1189; x_wconf 88' lang='lat' dir='ltr'>solum</span> <span class='ocrx_word' id='word_1_131' title='bbox 1485 1155 1797 1203; x_wconf 84' lang='lat' dir='ltr'>Echinorhynchi</span> <span class='ocrx_word' id='word_1_132' title='bbox 1825 1169 1941 1204; x_wconf 85' lang='lat' dir='ltr'>aquae</span> <span class='ocrx_word' id='word_1_133' title='bbox 1968 1158 2133 1198; x_wconf 82' lang='lat' dir='ltr'><strong>immissi</strong></span> 
     </span>
     <span class='ocr_line' id='line_1_15' title="bbox 202 1218 2132 1268; baseline 0.004 -14"><span class='ocrx_word' id='word_1_134' title='bbox 202 1218 273 1254; x_wconf 83' lang='lat' dir='ltr'>hac</span> <span class='ocrx_word' id='word_1_135' title='bbox 309 1226 491 1266; x_wconf 85' lang='lat' dir='ltr'>utuntur,</span> <span class='ocrx_word' id='word_1_136' title='bbox 543 1221 815 1258; x_wconf 75' lang='lat' dir='ltr'>minutissimos</span> <span class='ocrx_word' id='word_1_137' title='bbox 850 1221 952 1256; x_wconf 89' lang='lat' dir='ltr'>enim</span> <span class='ocrx_word' id='word_1_138' title='bbox 987 1220 1108 1266; x_wconf 86' lang='lat' dir='ltr'>aliqua</span> <span class='ocrx_word' id='word_1_139' title='bbox 1140 1225 1244 1265; x_wconf 86' lang='lat' dir='ltr'>parte</span> <span class='ocrx_word' id='word_1_140' title='bbox 1282 1231 1434 1268; x_wconf 79' lang='lat' dir='ltr'>rugosos</span> <span class='ocrx_word' id='word_1_141' title='bbox 1471 1226 1507 1254; x_wconf 85' lang='lat' dir='ltr'>et</span> <span class='ocrx_word' id='word_1_142' title='bbox 1537 1218 1731 1264; x_wconf 87' lang='lat' dir='ltr'>flaccidos,</span> <span class='ocrx_word' id='word_1_143' title='bbox 1786 1222 1947 1267; x_wconf 83' lang='lat' dir='ltr'>majores</span> <span class='ocrx_word' id='word_1_144' title='bbox 1982 1227 2132 1262; x_wconf 86' lang='lat' dir='ltr'>omnino</span> 
     </span>
     <span class='ocr_line' id='line_1_16' title="bbox 199 1275 2133 1334; baseline 0.005 -18"><span class='ocrx_word' id='word_1_145' title='bbox 199 1281 374 1318; x_wconf 77' lang='lat' dir='ltr'>flaccidos</span> <span class='ocrx_word' id='word_1_146' title='bbox 417 1292 453 1319; x_wconf 84' lang='lat' dir='ltr'>et</span> <span class='ocrx_word' id='word_1_147' title='bbox 492 1298 666 1334; x_wconf 77' lang='lat' dir='ltr'>rugosos,</span> <span class='ocrx_word' id='word_1_148' title='bbox 720 1293 759 1321; x_wconf 86' lang='lat' dir='ltr'>ut</span> <span class='ocrx_word' id='word_1_149' title='bbox 786 1285 934 1320; x_wconf 85' lang='lat' dir='ltr'>Taeniis</span> <span class='ocrx_word' id='word_1_150' title='bbox 972 1285 1052 1319; x_wconf 84' lang='lat' dir='ltr'>fere</span> <span class='ocrx_word' id='word_1_151' title='bbox 1090 1283 1289 1327; x_wconf 81' lang='lat' dir='ltr'>simulant,</span> <span class='ocrx_word' id='word_1_152' title='bbox 1342 1289 1540 1328; x_wconf 78' lang='lat' dir='ltr'>praesente</span> <span class='ocrx_word' id='word_1_153' title='bbox 1575 1275 1715 1329; x_wconf 84' lang='lat' dir='ltr'>quoque</span> <span class='ocrx_word' id='word_1_154' title='bbox 1748 1284 1993 1331; x_wconf 87' lang='lat' dir='ltr'>liquidissimo</span> <span class='ocrx_word' id='word_1_155' title='bbox 2022 1300 2133 1325; x_wconf 88' lang='lat' dir='ltr'>muco</span> 
     </span>
     <span class='ocr_line' id='line_1_17' title="bbox 200 1345 2134 1396; baseline 0.004 -15"><span class='ocrx_word' id='word_1_156' title='bbox 200 1345 404 1382; x_wconf 82' lang='lat' dir='ltr'>intestinali</span> <span class='ocrx_word' id='word_1_157' title='bbox 446 1348 689 1394; x_wconf 82' lang='lat' dir='ltr'>offendimus,</span> <span class='ocrx_word' id='word_1_158' title='bbox 741 1362 810 1396; x_wconf 90' lang='lat' dir='ltr'>quo</span> <span class='ocrx_word' id='word_1_159' title='bbox 852 1361 897 1396; x_wconf 86' lang='lat' dir='ltr'>ex</span> <span class='ocrx_word' id='word_1_160' title='bbox 937 1354 1035 1383; x_wconf 87' lang='lat' dir='ltr'>statu</span> <span class='ocrx_word' id='word_1_161' title='bbox 1074 1345 1275 1393; x_wconf 87' lang='lat' dir='ltr'>petendum</span> <span class='ocrx_word' id='word_1_162' title='bbox 1319 1345 1417 1382; x_wconf 87' lang='lat' dir='ltr'>mihi</span> <span class='ocrx_word' id='word_1_163' title='bbox 1458 1345 1627 1391; x_wconf 78' lang='lat' dir='ltr'>videtur,</span> <span class='ocrx_word' id='word_1_164' title='bbox 1680 1359 1831 1383; x_wconf 87' lang='lat' dir='ltr'>vermes</span> <span class='ocrx_word' id='word_1_165' title='bbox 1866 1348 2022 1387; x_wconf 77' lang='lat' dir='ltr'>durante</span> <span class='ocrx_word' id='word_1_166' title='bbox 2059 1353 2134 1389; x_wconf 87' lang='lat' dir='ltr'>vita</span> 
     </span>
     <span class='ocr_line' id='line_1_18' title="bbox 198 1409 2134 1466; baseline 0.002 -22"><span class='ocrx_word' id='word_1_167' title='bbox 198 1410 488 1457; x_wconf 87' lang='lat' dir='ltr'>liquidissimum</span> <span class='ocrx_word' id='word_1_168' title='bbox 518 1413 632 1448; x_wconf 86' lang='lat' dir='ltr'>etiam</span> <span class='ocrx_word' id='word_1_169' title='bbox 661 1413 861 1448; x_wconf 90' lang='lat' dir='ltr'>humorem</span> <span class='ocrx_word' id='word_1_170' title='bbox 887 1423 955 1458; x_wconf 90' lang='lat' dir='ltr'>per</span> <span class='ocrx_word' id='word_1_171' title='bbox 981 1410 1076 1446; x_wconf 87' lang='lat' dir='ltr'>cutis</span> <span class='ocrx_word' id='word_1_172' title='bbox 1103 1409 1340 1457; x_wconf 84' lang='lat' dir='ltr'>superficiem</span> <span class='ocrx_word' id='word_1_173' title='bbox 1368 1409 1407 1444; x_wconf 92' lang='lat' dir='ltr'>in</span> <span class='ocrx_word' id='word_1_174' title='bbox 1434 1421 1473 1444; x_wconf 90' lang='lat' dir='ltr'>se</span> <span class='ocrx_word' id='word_1_175' title='bbox 1507 1409 1676 1456; x_wconf 87' lang='lat' dir='ltr'>recipere</span> <span class='ocrx_word' id='word_1_176' title='bbox 1707 1409 1804 1446; x_wconf 85' lang='lat' dir='ltr'>haud</span> <span class='ocrx_word' id='word_1_177' title='bbox 1836 1425 1955 1460; x_wconf 74' lang='lat' dir='ltr'>posse,</span> <span class='ocrx_word' id='word_1_178' title='bbox 2009 1415 2134 1466; x_wconf 75' lang='lat' dir='ltr'>Argu-</span> 
     </span>
     <span class='ocr_line' id='line_1_19' title="bbox 199 1473 2133 1524; baseline 0.003 -14"><span class='ocrx_word' id='word_1_179' title='bbox 199 1482 328 1511; x_wconf 80' lang='lat' dir='ltr'>menta</span> <span class='ocrx_word' id='word_1_180' title='bbox 353 1488 461 1521; x_wconf 86' lang='lat' dir='ltr'>porro</span> <span class='ocrx_word' id='word_1_181' title='bbox 488 1476 854 1524; x_wconf 84' lang='lat' dir='ltr'>Echinorhynchum</span> <span class='ocrx_word' id='word_1_182' title='bbox 893 1487 1100 1524; x_wconf 77' lang='lat' dir='ltr'>rugosum,</span> <span class='ocrx_word' id='word_1_183' title='bbox 1153 1485 1266 1520; x_wconf 87' lang='lat' dir='ltr'>aquae</span> <span class='ocrx_word' id='word_1_184' title='bbox 1302 1473 1520 1509; x_wconf 87' lang='lat' dir='ltr'>immissum</span> <span class='ocrx_word' id='word_1_185' title='bbox 1553 1481 1772 1523; x_wconf 74' lang='lat' dir='ltr'>turgescere</span> <span class='ocrx_word' id='word_1_186' title='bbox 1806 1477 2039 1523; x_wconf 72' lang='lat' dir='ltr'>praedictam</span> <span class='ocrx_word' id='word_1_187' title='bbox 2074 1482 2133 1518; x_wconf 88' lang='lat' dir='ltr'>ab-</span> 
     </span>
     <span class='ocr_line' id='line_1_20' title="bbox 200 1538 2131 1590; baseline 0.004 -17"><span class='ocrx_word' id='word_1_188' title='bbox 200 1539 428 1574; x_wconf 78' lang='lat' dir='ltr'>sorbtionem</span> <span class='ocrx_word' id='word_1_189' title='bbox 466 1552 608 1585; x_wconf 85' lang='lat' dir='ltr'>quoque</span> <span class='ocrx_word' id='word_1_190' title='bbox 654 1541 752 1575; x_wconf 76' lang='lat' dir='ltr'>nullo</span> <span class='ocrx_word' id='word_1_191' title='bbox 797 1538 907 1574; x_wconf 84' lang='lat' dir='ltr'>modo</span> <span class='ocrx_word' id='word_1_192' title='bbox 952 1545 1132 1588; x_wconf 79' lang='lat' dir='ltr'>arguunt3</span> <span class='ocrx_word' id='word_1_193' title='bbox 1185 1539 1377 1584; x_wconf 87' lang='lat' dir='ltr'>solumque</span> <span class='ocrx_word' id='word_1_194' title='bbox 1416 1549 1595 1585; x_wconf 85' lang='lat' dir='ltr'>pororum</span> <span class='ocrx_word' id='word_1_195' title='bbox 1634 1540 1886 1584; x_wconf 78' lang='lat' dir='ltr'>praesentiam</span> <span class='ocrx_word' id='word_1_196' title='bbox 1926 1542 2131 1590; x_wconf 77' lang='lat' dir='ltr'>affirmant,</span> 
     </span>
     <span class='ocr_line' id='line_1_21' title="bbox 198 1601 2129 1652; baseline 0.004 -16"><span class='ocrx_word' id='word_1_197' title='bbox 198 1603 259 1649; x_wconf 88' lang='lat' dir='ltr'>qui</span> <span class='ocrx_word' id='word_1_198' title='bbox 293 1615 366 1638; x_wconf 83' lang='lat' dir='ltr'>una</span> <span class='ocrx_word' id='word_1_199' title='bbox 401 1615 488 1638; x_wconf 85' lang='lat' dir='ltr'>cum</span> <span class='ocrx_word' id='word_1_200' title='bbox 522 1603 601 1638; x_wconf 79' lang='lat' dir='ltr'>vita</span> <span class='ocrx_word' id='word_1_201' title='bbox 633 1603 810 1638; x_wconf 80' lang='lat' dir='ltr'>tensionis</span> <span class='ocrx_word' id='word_1_202' title='bbox 847 1602 1006 1652; x_wconf 80' lang='lat' dir='ltr'>gradum</span> <span class='ocrx_word' id='word_1_203' title='bbox 1042 1603 1094 1638; x_wconf 90' lang='lat' dir='ltr'>ita</span> <span class='ocrx_word' id='word_1_204' title='bbox 1129 1602 1303 1638; x_wconf 84' lang='lat' dir='ltr'>amittere</span> <span class='ocrx_word' id='word_1_205' title='bbox 1331 1601 1525 1647; x_wconf 81' lang='lat' dir='ltr'>videntur,</span> <span class='ocrx_word' id='word_1_206' title='bbox 1576 1601 1700 1649; x_wconf 86' lang='lat' dir='ltr'>(cujus</span> <span class='ocrx_word' id='word_1_207' title='bbox 1728 1615 1793 1649; x_wconf 88' lang='lat' dir='ltr'>ope</span> <span class='ocrx_word' id='word_1_208' title='bbox 1820 1617 1953 1640; x_wconf 87' lang='lat' dir='ltr'>verme</span> <span class='ocrx_word' id='word_1_209' title='bbox 1978 1607 2129 1644; x_wconf 87' lang='lat' dir='ltr'>vivente</span> 
     </span>
     <span class='ocr_line' id='line_1_22' title="bbox 198 1666 2128 1714; baseline 0.004 -13"><span class='ocrx_word' id='word_1_210' title='bbox 198 1674 321 1701; x_wconf 85' lang='lat' dir='ltr'>motus</span> <span class='ocrx_word' id='word_1_211' title='bbox 355 1666 557 1702; x_wconf 89' lang='lat' dir='ltr'>humorum</span> <span class='ocrx_word' id='word_1_212' title='bbox 599 1667 776 1702; x_wconf 74' lang='lat' dir='ltr'>normalis</span> <span class='ocrx_word' id='word_1_213' title='bbox 808 1666 1043 1714; x_wconf 83' lang='lat' dir='ltr'>perficitur,)</span> <span class='ocrx_word' id='word_1_214' title='bbox 1096 1673 1136 1701; x_wconf 86' lang='lat' dir='ltr'>ut</span> <span class='ocrx_word' id='word_1_215' title='bbox 1169 1666 1230 1701; x_wconf 84' lang='lat' dir='ltr'>illo</span> <span class='ocrx_word' id='word_1_216' title='bbox 1261 1673 1409 1701; x_wconf 82' lang='lat' dir='ltr'>mortuo</span> <span class='ocrx_word' id='word_1_217' title='bbox 1437 1679 1508 1701; x_wconf 90' lang='lat' dir='ltr'>non</span> <span class='ocrx_word' id='word_1_218' title='bbox 1535 1666 1653 1700; x_wconf 89' lang='lat' dir='ltr'>solum</span> <span class='ocrx_word' id='word_1_219' title='bbox 1682 1666 1859 1703; x_wconf 86' lang='lat' dir='ltr'>humores</span> <span class='ocrx_word' id='word_1_220' title='bbox 1892 1669 1931 1704; x_wconf 88' lang='lat' dir='ltr'>in</span> <span class='ocrx_word' id='word_1_221' title='bbox 1967 1683 2005 1706; x_wconf 89' lang='lat' dir='ltr'>se</span> <span class='ocrx_word' id='word_1_222' title='bbox 2032 1673 2128 1708; x_wconf 81' lang='lat' dir='ltr'>reci-</span> 
     </span>
     <span class='ocr_line' id='line_1_23' title="bbox 199 1721 2134 1778; baseline 0.004 -13"><span class='ocrx_word' id='word_1_223' title='bbox 199 1730 324 1778; x_wconf 79' lang='lat' dir='ltr'>piant,</span> <span class='ocrx_word' id='word_1_224' title='bbox 379 1729 443 1765; x_wconf 89' lang='lat' dir='ltr'>sed</span> <span class='ocrx_word' id='word_1_225' title='bbox 480 1730 593 1765; x_wconf 83' lang='lat' dir='ltr'>etiam</span> <span class='ocrx_word' id='word_1_226' title='bbox 628 1738 752 1778; x_wconf 82' lang='lat' dir='ltr'>partes</span> <span class='ocrx_word' id='word_1_227' title='bbox 786 1731 871 1766; x_wconf 79' lang='lat' dir='ltr'>vivo</span> <span class='ocrx_word' id='word_1_228' title='bbox 903 1730 1057 1766; x_wconf 85' lang='lat' dir='ltr'>animali</span> <span class='ocrx_word' id='word_1_229' title='bbox 1099 1730 1335 1765; x_wconf 81' lang='lat' dir='ltr'>immeabiles</span> <span class='ocrx_word' id='word_1_230' title='bbox 1372 1721 1614 1765; x_wconf 76' lang='lat' dir='ltr'>transsudure</span> <span class='ocrx_word' id='word_1_231' title='bbox 1654 1738 1803 1776; x_wconf 30' lang='lat' dir='ltr'>queant,</span> <span class='ocrx_word' id='word_1_232' title='bbox 1857 1733 1989 1770; x_wconf 79' lang='lat' dir='ltr'>Nescio</span> <span class='ocrx_word' id='word_1_233' title='bbox 2030 1736 2134 1772; x_wconf 86' lang='lat' dir='ltr'>enim</span> 
     </span>
     <span class='ocr_line' id='line_1_24' title="bbox 196 1794 2132 1843; baseline 0.002 -13"><span class='ocrx_word' id='word_1_234' title='bbox 196 1802 396 1842; x_wconf 78' lang='lat' dir='ltr'>practerea</span> <span class='ocrx_word' id='word_1_235' title='bbox 429 1806 476 1830; x_wconf 87' lang='lat' dir='ltr'>an</span> <span class='ocrx_word' id='word_1_236' title='bbox 511 1802 614 1830; x_wconf 82' lang='lat' dir='ltr'>recte</span> <span class='ocrx_word' id='word_1_237' title='bbox 657 1795 839 1839; x_wconf 68' lang='lat' dir='ltr'>dixerim,</span> <span class='ocrx_word' id='word_1_238' title='bbox 894 1794 1300 1843; x_wconf 82' lang='lat' dir='ltr'>Echinorhynchorum</span> <span class='ocrx_word' id='word_1_239' title='bbox 1337 1795 1457 1829; x_wconf 89' lang='lat' dir='ltr'>solum</span> <span class='ocrx_word' id='word_1_240' title='bbox 1493 1802 1728 1829; x_wconf 85' lang='lat' dir='ltr'>mortuorum</span> <span class='ocrx_word' id='word_1_241' title='bbox 1772 1802 1898 1831; x_wconf 82' lang='lat' dir='ltr'>cutem</span> <span class='ocrx_word' id='word_1_242' title='bbox 1935 1806 2132 1837; x_wconf 72' lang='lat' dir='ltr'>externam</span> 
     </span>
     <span class='ocr_line' id='line_1_25' title="bbox 199 1857 2132 1912; baseline 0.003 -18"><span class='ocrx_word' id='word_1_243' title='bbox 199 1859 242 1895; x_wconf 88' lang='lat' dir='ltr'>ab</span> <span class='ocrx_word' id='word_1_244' title='bbox 271 1871 382 1894; x_wconf 84' lang='lat' dir='ltr'>muco</span> <span class='ocrx_word' id='word_1_245' title='bbox 411 1859 614 1893; x_wconf 83' lang='lat' dir='ltr'>intestinali</span> <span class='ocrx_word' id='word_1_246' title='bbox 638 1859 821 1908; x_wconf 69' lang='lat' dir='ltr'>pertingi,</span> <span class='ocrx_word' id='word_1_247' title='bbox 876 1872 964 1895; x_wconf 89' lang='lat' dir='ltr'>cum</span> <span class='ocrx_word' id='word_1_248' title='bbox 998 1859 1116 1894; x_wconf 88' lang='lat' dir='ltr'>semel</span> <span class='ocrx_word' id='word_1_249' title='bbox 1153 1858 1250 1893; x_wconf 79' lang='lat' dir='ltr'>mihi</span> <span class='ocrx_word' id='word_1_250' title='bbox 1284 1857 1481 1893; x_wconf 81' lang='lat' dir='ltr'>observare</span> <span class='ocrx_word' id='word_1_251' title='bbox 1510 1858 1761 1908; x_wconf 73' lang='lat' dir='ltr'>continguerit</span> <span class='ocrx_word' id='word_1_252' title='bbox 1796 1867 1836 1894; x_wconf 87' lang='lat' dir='ltr'>ut</span> <span class='ocrx_word' id='word_1_253' title='bbox 1870 1861 2132 1912; x_wconf 80' lang='lat' dir='ltr'>Echinorhyn-</span> 
     </span>
     <span class='ocr_line' id='line_1_26' title="bbox 197 1921 2133 1967; baseline 0.003 -8"><span class='ocrx_word' id='word_1_254' title='bbox 197 1923 356 1959; x_wconf 87' lang='lat' dir='ltr'>chorum</span> <span class='ocrx_word' id='word_1_255' title='bbox 396 1922 507 1957; x_wconf 86' lang='lat' dir='ltr'>multi</span> <span class='ocrx_word' id='word_1_256' title='bbox 541 1923 699 1958; x_wconf 79' lang='lat' dir='ltr'>resectis</span> <span class='ocrx_word' id='word_1_257' title='bbox 734 1922 921 1958; x_wconf 77' lang='lat' dir='ltr'>intestinis</span> <span class='ocrx_word' id='word_1_258' title='bbox 955 1923 1084 1958; x_wconf 88' lang='lat' dir='ltr'>Esocis</span> <span class='ocrx_word' id='word_1_259' title='bbox 1118 1922 1231 1957; x_wconf 89' lang='lat' dir='ltr'>Lucii</span> <span class='ocrx_word' id='word_1_260' title='bbox 1273 1921 1467 1956; x_wconf 82' lang='lat' dir='ltr'>obviorum</span> <span class='ocrx_word' id='word_1_261' title='bbox 1504 1923 1733 1967; x_wconf 63' lang='lat' dir='ltr'>aurantiuci,</span> <span class='ocrx_word' id='word_1_262' title='bbox 1786 1923 1849 1958; x_wconf 86' lang='lat' dir='ltr'>alii</span> <span class='ocrx_word' id='word_1_263' title='bbox 1883 1937 1971 1961; x_wconf 86' lang='lat' dir='ltr'>vero</span> <span class='ocrx_word' id='word_1_264' title='bbox 2006 1928 2133 1965; x_wconf 79' lang='lat' dir='ltr'>albidi-</span> 
     </span>
     <span class='ocr_line' id='line_1_27' title="bbox 197 1984 2133 2035; baseline -0.001 -13"><span class='ocrx_word' id='word_1_265' title='bbox 197 1994 333 2025; x_wconf 71' lang='lat' dir='ltr'>essent.</span> <span class='ocrx_word' id='word_1_266' title='bbox 386 1987 495 2021; x_wconf 88' lang='lat' dir='ltr'>Parte</span> <span class='ocrx_word' id='word_1_267' title='bbox 514 1986 682 2022; x_wconf 86' lang='lat' dir='ltr'>intestini</span> <span class='ocrx_word' id='word_1_268' title='bbox 711 2000 825 2033; x_wconf 82' lang='lat' dir='ltr'>aquae</span> <span class='ocrx_word' id='word_1_269' title='bbox 851 1987 998 2035; x_wconf 84' lang='lat' dir='ltr'>tepidae</span> <span class='ocrx_word' id='word_1_270' title='bbox 1025 1986 1214 2030; x_wconf 84' lang='lat' dir='ltr'>immissa,</span> <span class='ocrx_word' id='word_1_271' title='bbox 1241 1984 1350 2020; x_wconf 83' lang='lat' dir='ltr'>albidi</span> <span class='ocrx_word' id='word_1_272' title='bbox 1378 1985 1500 2021; x_wconf 86' lang='lat' dir='ltr'>adhuc</span> <span class='ocrx_word' id='word_1_273' title='bbox 1527 1986 1697 2022; x_wconf 78' lang='lat' dir='ltr'>viventes</span> <span class='ocrx_word' id='word_1_274' title='bbox 1725 1985 1980 2034; x_wconf 80' lang='lat' dir='ltr'>spectaculum</span> <span class='ocrx_word' id='word_1_275' title='bbox 2009 2003 2133 2028; x_wconf 85' lang='lat' dir='ltr'>amoe-</span> 
     </span>
     <span class='ocr_line' id='line_1_28' title="bbox 195 2040 2132 2100; baseline 0.002 -14"><span class='ocrx_word' id='word_1_276' title='bbox 195 2051 397 2086; x_wconf 88' lang='lat' dir='ltr'>nissimum</span> <span class='ocrx_word' id='word_1_277' title='bbox 425 2049 580 2086; x_wconf 87' lang='lat' dir='ltr'>edebant</span> <span class='ocrx_word' id='word_1_278' title='bbox 608 2058 645 2086; x_wconf 88' lang='lat' dir='ltr'>et</span> <span class='ocrx_word' id='word_1_279' title='bbox 670 2058 776 2098; x_wconf 87' lang='lat' dir='ltr'>parte</span> <span class='ocrx_word' id='word_1_280' title='bbox 805 2051 929 2089; x_wconf 77' lang='lat' dir='ltr'>antica</span> <span class='ocrx_word' id='word_1_281' title='bbox 955 2050 1100 2100; x_wconf 85' lang='lat' dir='ltr'>rapidos</span> <span class='ocrx_word' id='word_1_282' title='bbox 1128 2057 1250 2085; x_wconf 85' lang='lat' dir='ltr'>motus</span> <span class='ocrx_word' id='word_1_283' title='bbox 1278 2040 1457 2098; x_wconf 76' lang='lat' dir='ltr'>agebant,</span> <span class='ocrx_word' id='word_1_284' title='bbox 1497 2051 1706 2087; x_wconf 71' lang='lat' dir='ltr'>aut-antiaci</span> <span class='ocrx_word' id='word_1_285' title='bbox 1727 2064 1816 2086; x_wconf 85' lang='lat' dir='ltr'>vero</span> <span class='ocrx_word' id='word_1_286' title='bbox 1835 2065 1964 2088; x_wconf 85' lang='lat' dir='ltr'>omnes</span> <span class='ocrx_word' id='word_1_287' title='bbox 1991 2057 2132 2093; x_wconf 83' lang='lat' dir='ltr'>mortui</span> 
     </span>
     <span class='ocr_line' id='line_1_29' title="bbox 196 2114 1256 2163; baseline -0.001 -13"><span class='ocrx_word' id='word_1_288' title='bbox 196 2122 322 2161; x_wconf 87' lang='lat' dir='ltr'>erant,</span> <span class='ocrx_word' id='word_1_289' title='bbox 377 2114 561 2161; x_wconf 80' lang='lat' dir='ltr'>siquidem</span> <span class='ocrx_word' id='word_1_290' title='bbox 587 2114 699 2163; x_wconf 86' lang='lat' dir='ltr'>piscis</span> <span class='ocrx_word' id='word_1_291' title='bbox 725 2116 832 2163; x_wconf 80' lang='lat' dir='ltr'>paulo</span> <span class='ocrx_word' id='word_1_292' title='bbox 861 2123 970 2151; x_wconf 85' lang='lat' dir='ltr'>antea</span> <span class='ocrx_word' id='word_1_293' title='bbox 997 2122 1189 2154; x_wconf 71' lang='lat' dir='ltr'>enecatus,</span> <span class='ocrx_word' id='word_1_294' title='bbox 1208 2134 1256 2142; x_wconf 87' lang='lat'>—-</span> 
     </span>
    </p>

    <p class='ocr_par' dir='ltr' id='par_1_4' title="bbox 194 2177 2132 2809">
     <span class='ocr_line' id='line_1_30' title="bbox 345 2177 2131 2227; baseline 0.002 -12"><span class='ocrx_word' id='word_1_295' title='bbox 345 2179 419 2215; x_wconf 87' lang='lat' dir='ltr'>Sed</span> <span class='ocrx_word' id='word_1_296' title='bbox 444 2178 599 2214; x_wconf 90' lang='lat' dir='ltr'>modum</span> <span class='ocrx_word' id='word_1_297' title='bbox 626 2192 695 2226; x_wconf 88' lang='lat' dir='ltr'>quo</span> <span class='ocrx_word' id='word_1_298' title='bbox 722 2187 763 2214; x_wconf 89' lang='lat' dir='ltr'>ut</span> <span class='ocrx_word' id='word_1_299' title='bbox 783 2179 879 2215; x_wconf 86' lang='lat' dir='ltr'>mihi</span> <span class='ocrx_word' id='word_1_300' title='bbox 905 2191 1148 2227; x_wconf 85' lang='lat' dir='ltr'>persuasum,</span> <span class='ocrx_word' id='word_1_301' title='bbox 1184 2178 1327 2213; x_wconf 87' lang='lat' dir='ltr'>vermis</span> <span class='ocrx_word' id='word_1_302' title='bbox 1356 2177 1402 2214; x_wconf 86' lang='lat' dir='ltr'>ad</span> <span class='ocrx_word' id='word_1_303' title='bbox 1428 2178 1670 2215; x_wconf 85' lang='lat' dir='ltr'>nutriendum</span> <span class='ocrx_word' id='word_1_304' title='bbox 1696 2180 1819 2214; x_wconf 70' lang='lat' dir='ltr'>utitur</span> <span class='ocrx_word' id='word_1_305' title='bbox 1840 2180 2014 2217; x_wconf 84' lang='lat' dir='ltr'>brevibus</span> <span class='ocrx_word' id='word_1_306' title='bbox 2043 2195 2131 2220; x_wconf 85' lang='lat' dir='ltr'>cum</span> 
     </span>
     <span class='ocr_line' id='line_1_31' title="bbox 194 2242 2132 2293; baseline 0.002 -14"><span class='ocrx_word' id='word_1_307' title='bbox 194 2243 318 2279; x_wconf 85' lang='lat' dir='ltr'>verbis</span> <span class='ocrx_word' id='word_1_308' title='bbox 345 2256 542 2290; x_wconf 79' lang='lat' dir='ltr'>exponam.</span> <span class='ocrx_word' id='word_1_309' title='bbox 594 2244 650 2278; x_wconf 81' lang='lat' dir='ltr'>Ex</span> <span class='ocrx_word' id='word_1_310' title='bbox 676 2251 780 2290; x_wconf 85' lang='lat' dir='ltr'>parte</span> <span class='ocrx_word' id='word_1_311' title='bbox 809 2243 996 2288; x_wconf 85' lang='lat' dir='ltr'>intestini,</span> <span class='ocrx_word' id='word_1_312' title='bbox 1038 2243 1099 2280; x_wconf 86' lang='lat' dir='ltr'>eui</span> <span class='ocrx_word' id='word_1_313' title='bbox 1126 2242 1469 2292; x_wconf 81' lang='lat' dir='ltr'>Echinorhynchus</span> <span class='ocrx_word' id='word_1_314' title='bbox 1497 2242 1724 2290; x_wconf 80' lang='lat' dir='ltr'>proboscidis</span> <span class='ocrx_word' id='word_1_315' title='bbox 1751 2245 1811 2279; x_wconf 86' lang='lat' dir='ltr'>vel</span> <span class='ocrx_word' id='word_1_316' title='bbox 1838 2244 1956 2280; x_wconf 84' lang='lat' dir='ltr'>bullae</span> <span class='ocrx_word' id='word_1_317' title='bbox 1985 2246 2132 2293; x_wconf 19' lang='lat' dir='ltr'>opevin-</span> 
     </span>
     <span class='ocr_line' id='line_1_32' title="bbox 194 2307 2131 2359; baseline 0.002 -16"><span class='ocrx_word' id='word_1_318' title='bbox 194 2307 327 2343; x_wconf 83' lang='lat' dir='ltr'>haeret</span> <span class='ocrx_word' id='word_1_319' title='bbox 353 2319 515 2354; x_wconf 84' lang='lat' dir='ltr'>quaeque</span> <span class='ocrx_word' id='word_1_320' title='bbox 543 2307 631 2355; x_wconf 87' lang='lat' dir='ltr'>ipsis</span> <span class='ocrx_word' id='word_1_321' title='bbox 659 2308 702 2343; x_wconf 84' lang='lat' dir='ltr'>ab</span> <span class='ocrx_word' id='word_1_322' title='bbox 732 2308 870 2343; x_wconf 84' lang='lat' dir='ltr'>aculeis</span> <span class='ocrx_word' id='word_1_323' title='bbox 896 2308 1089 2353; x_wconf 82' lang='lat' dir='ltr'>irritatur,</span> <span class='ocrx_word' id='word_1_324' title='bbox 1143 2319 1300 2343; x_wconf 89' lang='lat' dir='ltr'>succum</span> <span class='ocrx_word' id='word_1_325' title='bbox 1327 2307 1398 2342; x_wconf 85' lang='lat' dir='ltr'>sibi</span> <span class='ocrx_word' id='word_1_326' title='bbox 1424 2307 1593 2342; x_wconf 66' lang='lat' dir='ltr'>maxime</span> <span class='ocrx_word' id='word_1_327' title='bbox 1620 2307 1788 2344; x_wconf 87' lang='lat' dir='ltr'>similem</span> <span class='ocrx_word' id='word_1_328' title='bbox 1816 2316 1852 2344; x_wconf 88' lang='lat' dir='ltr'>et</span> <span class='ocrx_word' id='word_1_329' title='bbox 1875 2318 2131 2359; x_wconf 75' lang='lat' dir='ltr'>exygenatum</span> 
     </span>
     <span class='ocr_line' id='line_1_33' title="bbox 196 2371 2130 2422; baseline 0.002 -16"><span class='ocrx_word' id='word_1_330' title='bbox 196 2372 329 2421; x_wconf 75' lang='lat' dir='ltr'>organi</span> <span class='ocrx_word' id='word_1_331' title='bbox 355 2372 521 2420; x_wconf 73' lang='lat' dir='ltr'>sugentis</span> <span class='ocrx_word' id='word_1_332' title='bbox 548 2371 683 2406; x_wconf 77' lang='lat' dir='ltr'>auxilio</span> <span class='ocrx_word' id='word_1_333' title='bbox 711 2372 870 2422; x_wconf 68' lang='lat' dir='ltr'>exsugit.</span> <span class='ocrx_word' id='word_1_334' title='bbox 937 2373 1018 2407; x_wconf 89' lang='lat' dir='ltr'>Hoc</span> <span class='ocrx_word' id='word_1_335' title='bbox 1046 2372 1084 2408; x_wconf 91' lang='lat' dir='ltr'>in</span> <span class='ocrx_word' id='word_1_336' title='bbox 1111 2372 1303 2415; x_wconf 89' lang='lat' dir='ltr'>omnibus,</span> <span class='ocrx_word' id='word_1_337' title='bbox 1359 2378 1512 2418; x_wconf 84' lang='lat' dir='ltr'>excepto</span> <span class='ocrx_word' id='word_1_338' title='bbox 1539 2371 1860 2420; x_wconf 85' lang='lat' dir='ltr'>Echinorhyncho</span> <span class='ocrx_word' id='word_1_339' title='bbox 1888 2373 2015 2419; x_wconf 85' lang='lat' dir='ltr'>Tuba,</span> <span class='ocrx_word' id='word_1_340' title='bbox 2069 2387 2130 2422; x_wconf 88' lang='lat' dir='ltr'>pa-</span> 
     </span>
     <span class='ocr_line' id='line_1_34' title="bbox 194 2435 2127 2484; baseline 0.003 -14"><span class='ocrx_word' id='word_1_341' title='bbox 194 2436 281 2483; x_wconf 84' lang='lat' dir='ltr'>pilla</span> <span class='ocrx_word' id='word_1_342' title='bbox 311 2442 386 2480; x_wconf 82' lang='lat' dir='ltr'>est,</span> <span class='ocrx_word' id='word_1_343' title='bbox 425 2435 594 2483; x_wconf 85' lang='lat' dir='ltr'>illiusque</span> <span class='ocrx_word' id='word_1_344' title='bbox 621 2435 659 2472; x_wconf 88' lang='lat' dir='ltr'>in</span> <span class='ocrx_word' id='word_1_345' title='bbox 687 2436 813 2472; x_wconf 83' lang='lat' dir='ltr'>media</span> <span class='ocrx_word' id='word_1_346' title='bbox 844 2443 969 2484; x_wconf 80' lang='lat' dir='ltr'>parte,</span> <span class='ocrx_word' id='word_1_347' title='bbox 1002 2443 1043 2472; x_wconf 87' lang='lat' dir='ltr'>ut</span> <span class='ocrx_word' id='word_1_348' title='bbox 1069 2449 1181 2484; x_wconf 87' lang='lat' dir='ltr'>supra</span> <span class='ocrx_word' id='word_1_349' title='bbox 1209 2435 1380 2481; x_wconf 83' lang='lat' dir='ltr'>exhibui,</span> <span class='ocrx_word' id='word_1_350' title='bbox 1417 2436 1623 2483; x_wconf 85' lang='lat' dir='ltr'>capitulum</span> <span class='ocrx_word' id='word_1_351' title='bbox 1649 2448 1809 2484; x_wconf 85' lang='lat' dir='ltr'>parvum</span> <span class='ocrx_word' id='word_1_352' title='bbox 1836 2437 1879 2472; x_wconf 85' lang='lat' dir='ltr'>ab</span> <span class='ocrx_word' id='word_1_353' title='bbox 1910 2440 2044 2474; x_wconf 74' lang='lat' dir='ltr'>annulo</span> <span class='ocrx_word' id='word_1_354' title='bbox 2072 2447 2127 2475; x_wconf 89' lang='lat' dir='ltr'>tu—</span> 
     </span>
     <span class='ocr_line' id='line_1_35' title="bbox 195 2498 2128 2550; baseline 0.002 -16"><span class='ocrx_word' id='word_1_355' title='bbox 195 2498 335 2534; x_wconf 87' lang='lat' dir='ltr'>midulo</span> <span class='ocrx_word' id='word_1_356' title='bbox 372 2500 542 2535; x_wconf 87' lang='lat' dir='ltr'>cinctum</span> <span class='ocrx_word' id='word_1_357' title='bbox 576 2507 708 2540; x_wconf 78' lang='lat' dir='ltr'>exstat.</span> <span class='ocrx_word' id='word_1_358' title='bbox 761 2501 911 2537; x_wconf 81' lang='lat' dir='ltr'>Partem</span> <span class='ocrx_word' id='word_1_359' title='bbox 947 2501 1044 2536; x_wconf 87' lang='lat' dir='ltr'>hanc</span> <span class='ocrx_word' id='word_1_360' title='bbox 1078 2501 1268 2536; x_wconf 84' lang='lat' dir='ltr'>internam</span> <span class='ocrx_word' id='word_1_361' title='bbox 1302 2500 1459 2550; x_wconf 85' lang='lat' dir='ltr'>papillae</span> <span class='ocrx_word' id='word_1_362' title='bbox 1494 2499 1836 2548; x_wconf 87' lang='lat' dir='ltr'>Echinorhynchus</span> <span class='ocrx_word' id='word_1_363' title='bbox 1872 2501 1961 2537; x_wconf 89' lang='lat' dir='ltr'>dum</span> <span class='ocrx_word' id='word_1_364' title='bbox 1997 2516 2128 2539; x_wconf 87' lang='lat' dir='ltr'>suecos</span> 
     </span>
     <span class='ocr_line' id='line_1_36' title="bbox 195 2553 2131 2613; baseline 0.002 -14"><span class='ocrx_word' id='word_1_365' title='bbox 195 2563 322 2599; x_wconf 85' lang='lat' dir='ltr'>haurit</span> <span class='ocrx_word' id='word_1_366' title='bbox 347 2563 386 2599; x_wconf 89' lang='lat' dir='ltr'>in</span> <span class='ocrx_word' id='word_1_367' title='bbox 414 2576 551 2599; x_wconf 85' lang='lat' dir='ltr'>cavum</span> <span class='ocrx_word' id='word_1_368' title='bbox 577 2565 760 2610; x_wconf 81' lang='lat' dir='ltr'>retrahit,</span> <span class='ocrx_word' id='word_1_369' title='bbox 812 2566 864 2601; x_wconf 87' lang='lat' dir='ltr'>ita</span> <span class='ocrx_word' id='word_1_370' title='bbox 891 2572 930 2600; x_wconf 86' lang='lat' dir='ltr'>ut</span> <span class='ocrx_word' id='word_1_371' title='bbox 957 2572 1086 2602; x_wconf 83' lang='lat' dir='ltr'>vortex</span> <span class='ocrx_word' id='word_1_372' title='bbox 1112 2563 1339 2612; x_wconf 87' lang='lat' dir='ltr'>proboscidis</span> <span class='ocrx_word' id='word_1_373' title='bbox 1373 2570 1463 2600; x_wconf 87' lang='lat' dir='ltr'>tune</span> <span class='ocrx_word' id='word_1_374' title='bbox 1490 2553 1657 2600; x_wconf 81' lang='lat' dir='ltr'>formam</span> <span class='ocrx_word' id='word_1_375' title='bbox 1692 2573 1916 2602; x_wconf 82' lang='lat' dir='ltr'>excavatam</span> <span class='ocrx_word' id='word_1_376' title='bbox 1938 2568 1970 2613; x_wconf 83' lang='lat'>3)</span> <span class='ocrx_word' id='word_1_377' title='bbox 2009 2567 2131 2604; x_wconf 87' lang='lat' dir='ltr'>nasci-</span> 
     </span>
     <span class='ocr_line' id='line_1_37' title="bbox 194 2628 2130 2677; baseline 0.002 -14"><span class='ocrx_word' id='word_1_378' title='bbox 194 2634 334 2668; x_wconf 61' lang='lat' dir='ltr'>scatun</span> <span class='ocrx_word' id='word_1_379' title='bbox 396 2628 573 2663; x_wconf 78' lang='lat' dir='ltr'>Exoritur</span> <span class='ocrx_word' id='word_1_380' title='bbox 600 2628 669 2665; x_wconf 88' lang='lat' dir='ltr'>hoc</span> <span class='ocrx_word' id='word_1_381' title='bbox 697 2629 805 2665; x_wconf 87' lang='lat' dir='ltr'>modo</span> <span class='ocrx_word' id='word_1_382' title='bbox 833 2630 976 2677; x_wconf 83' lang='lat' dir='ltr'>species</span> <span class='ocrx_word' id='word_1_383' title='bbox 1003 2630 1284 2673; x_wconf 83' lang='lat' dir='ltr'>cucurbitulae,</span> <span class='ocrx_word' id='word_1_384' title='bbox 1325 2641 1414 2665; x_wconf 87' lang='lat' dir='ltr'>cum</span> <span class='ocrx_word' id='word_1_385' title='bbox 1440 2628 1568 2664; x_wconf 81' lang='lat' dir='ltr'>tunica</span> <span class='ocrx_word' id='word_1_386' title='bbox 1594 2629 1762 2667; x_wconf 80' lang='lat' dir='ltr'>intestini</span> <span class='ocrx_word' id='word_1_387' title='bbox 1782 2629 1822 2664; x_wconf 90' lang='lat' dir='ltr'>in</span> <span class='ocrx_word' id='word_1_388' title='bbox 1844 2629 2130 2667; x_wconf 81' lang='lat' dir='ltr'>subtilissimam</span> 
     </span>
     <span class='ocr_line' id='line_1_38' title="bbox 194 2691 2129 2741; baseline 0.002 -14"><span class='ocrx_word' id='word_1_389' title='bbox 194 2691 294 2727; x_wconf 86' lang='lat' dir='ltr'>hanc</span> <span class='ocrx_word' id='word_1_390' title='bbox 309 2691 513 2727; x_wconf 71' lang='lat' dir='ltr'>cavitatem</span> <span class='ocrx_word' id='word_1_391' title='bbox 529 2692 728 2741; x_wconf 82' lang='lat' dir='ltr'>ingredere</span> <span class='ocrx_word' id='word_1_392' title='bbox 752 2701 930 2741; x_wconf 77' lang='lat' dir='ltr'>nequeat,</span> <span class='ocrx_word' id='word_1_393' title='bbox 959 2701 994 2729; x_wconf 89' lang='lat' dir='ltr'>et</span> <span class='ocrx_word' id='word_1_394' title='bbox 1017 2694 1160 2729; x_wconf 85' lang='lat' dir='ltr'>vermis</span> <span class='ocrx_word' id='word_1_395' title='bbox 1184 2693 1257 2729; x_wconf 88' lang='lat' dir='ltr'>hac</span> <span class='ocrx_word' id='word_1_396' title='bbox 1275 2705 1317 2727; x_wconf 85' lang='lat' dir='ltr'>re</span> <span class='ocrx_word' id='word_1_397' title='bbox 1342 2692 1454 2728; x_wconf 78' lang='lat' dir='ltr'>facile</span> <span class='ocrx_word' id='word_1_398' title='bbox 1478 2693 1735 2729; x_wconf 88' lang='lat' dir='ltr'>necessariam</span> <span class='ocrx_word' id='word_1_399' title='bbox 1756 2695 2003 2740; x_wconf 82' lang='lat' dir='ltr'>quantitatem</span> <span class='ocrx_word' id='word_1_400' title='bbox 2026 2695 2129 2731; x_wconf 85' lang='lat' dir='ltr'>succi</span> 
     </span>
     <span class='ocr_line' id='line_1_39' title="bbox 194 2755 2128 2809; baseline 0.001 -17"><span class='ocrx_word' id='word_1_401' title='bbox 194 2755 339 2792; x_wconf 87' lang='lat' dir='ltr'>nutritii</span> <span class='ocrx_word' id='word_1_402' title='bbox 358 2756 558 2805; x_wconf 72' lang='lat' dir='ltr'>oxygenati</span> <span class='ocrx_word' id='word_1_403' title='bbox 575 2769 756 2806; x_wconf 58' lang='lat' dir='ltr'>exsugere</span> <span class='ocrx_word' id='word_1_404' title='bbox 774 2766 904 2805; x_wconf 88' lang='lat' dir='ltr'>potest,</span> <span class='ocrx_word' id='word_1_405' title='bbox 934 2771 1026 2805; x_wconf 83' lang='lat' dir='ltr'>quae</span> <span class='ocrx_word' id='word_1_406' title='bbox 1043 2771 1110 2806; x_wconf 87' lang='lat' dir='ltr'>per</span> <span class='ocrx_word' id='word_1_407' title='bbox 1125 2756 1351 2809; x_wconf 85' lang='lat' dir='ltr'>proboscidis</span> <span class='ocrx_word' id='word_1_408' title='bbox 1368 2756 1523 2793; x_wconf 87' lang='lat' dir='ltr'>ductum</span> <span class='ocrx_word' id='word_1_409' title='bbox 1540 2758 1579 2793; x_wconf 86' lang='lat' dir='ltr'>in</span> <span class='ocrx_word' id='word_1_410' title='bbox 1597 2757 1703 2793; x_wconf 83' lang='lat' dir='ltr'>basin</span> <span class='ocrx_word' id='word_1_411' title='bbox 1721 2758 1881 2807; x_wconf 74' lang='lat' dir='ltr'>vaginae</span> <span class='ocrx_word' id='word_1_412' title='bbox 1897 2759 2128 2804; x_wconf 72' lang='lat' dir='ltr'>provehitur,</span> 
     </span>
    </p>

    <p class='ocr_par' dir='ltr' id='par_1_5' title="bbox 192 2819 2129 3191">
     <span class='ocr_line' id='line_1_40' title="bbox 344 2819 2128 2870; baseline 0.001 -14"><span class='ocrx_word' id='word_1_413' title='bbox 344 2820 483 2856; x_wconf 87' lang='lat' dir='ltr'>Succos</span> <span class='ocrx_word' id='word_1_414' title='bbox 511 2829 736 2869; x_wconf 76' lang='lat' dir='ltr'>oxygenatos</span> <span class='ocrx_word' id='word_1_415' title='bbox 757 2824 790 2867; x_wconf 81' lang='lat'>4)</span> <span class='ocrx_word' id='word_1_416' title='bbox 819 2823 972 2859; x_wconf 86' lang='lat' dir='ltr'>haurire</span> <span class='ocrx_word' id='word_1_417' title='bbox 1001 2822 1082 2858; x_wconf 89' lang='lat' dir='ltr'>dico</span> <span class='ocrx_word' id='word_1_418' title='bbox 1111 2827 1199 2857; x_wconf 90' lang='lat' dir='ltr'>cum</span> <span class='ocrx_word' id='word_1_419' title='bbox 1224 2833 1448 2870; x_wconf 84' lang='lat' dir='ltr'>persuasum</span> <span class='ocrx_word' id='word_1_420' title='bbox 1476 2819 1573 2856; x_wconf 88' lang='lat' dir='ltr'>mihi</span> <span class='ocrx_word' id='word_1_421' title='bbox 1602 2829 1677 2866; x_wconf 87' lang='lat' dir='ltr'>est,</span> <span class='ocrx_word' id='word_1_422' title='bbox 1711 2822 1981 2857; x_wconf 82' lang='lat' dir='ltr'>helminthibus</span> <span class='ocrx_word' id='word_1_423' title='bbox 2013 2823 2128 2869; x_wconf 77' lang='lat' dir='ltr'>respi—</span> 
     </span>
     <span class='ocr_line' id='line_1_41' title="bbox 193 2880 2129 2937; baseline 0 -16"><span class='ocrx_word' id='word_1_424' title='bbox 193 2885 379 2921; x_wconf 85' lang='lat' dir='ltr'>rationem</span> <span class='ocrx_word' id='word_1_425' title='bbox 406 2883 525 2930; x_wconf 76' lang='lat' dir='ltr'>aliqua</span> <span class='ocrx_word' id='word_1_426' title='bbox 551 2892 654 2933; x_wconf 81' lang='lat' dir='ltr'>parte</span> <span class='ocrx_word' id='word_1_427' title='bbox 682 2880 779 2921; x_wconf 77' lang='lat' dir='ltr'>haud</span> <span class='ocrx_word' id='word_1_428' title='bbox 807 2886 1067 2937; x_wconf 77' lang='lat' dir='ltr'>denegandam</span> <span class='ocrx_word' id='word_1_429' title='bbox 1096 2899 1197 2930; x_wconf 85' lang='lat' dir='ltr'>esse,</span> <span class='ocrx_word' id='word_1_430' title='bbox 1248 2884 1352 2935; x_wconf 83' lang='lat' dir='ltr'>quae</span> <span class='ocrx_word' id='word_1_431' title='bbox 1375 2897 1465 2922; x_wconf 86' lang='lat' dir='ltr'>vero</span> <span class='ocrx_word' id='word_1_432' title='bbox 1500 2897 1572 2920; x_wconf 85' lang='lat' dir='ltr'>non</span> <span class='ocrx_word' id='word_1_433' title='bbox 1609 2898 1674 2932; x_wconf 88' lang='lat' dir='ltr'>ope</span> <span class='ocrx_word' id='word_1_434' title='bbox 1709 2898 1937 2934; x_wconf 74' lang='lat' dir='ltr'>organorum</span> <span class='ocrx_word' id='word_1_435' title='bbox 1971 2886 2129 2933; x_wconf 85' lang='lat' dir='ltr'>respira-</span> 
     </span>
     <span class='ocr_line' id='line_1_42' title="bbox 192 2948 2128 2999; baseline 0 -15"><span class='ocrx_word' id='word_1_436' title='bbox 192 2949 304 2985; x_wconf 86' lang='lat' dir='ltr'>tionis</span> <span class='ocrx_word' id='word_1_437' title='bbox 330 2948 565 2995; x_wconf 83' lang='lat' dir='ltr'>propriorum</span> <span class='ocrx_word' id='word_1_438' title='bbox 592 2949 804 2995; x_wconf 75' lang='lat' dir='ltr'>perficitur,</span> <span class='ocrx_word' id='word_1_439' title='bbox 846 2951 911 2986; x_wconf 84' lang='lat' dir='ltr'>sed</span> <span class='ocrx_word' id='word_1_440' title='bbox 937 2950 1054 2998; x_wconf 85' lang='lat' dir='ltr'>quoad</span> <span class='ocrx_word' id='word_1_441' title='bbox 1077 2949 1364 2997; x_wconf 85' lang='lat' dir='ltr'>respirationem</span> <span class='ocrx_word' id='word_1_442' title='bbox 1392 2949 1622 2987; x_wconf 87' lang='lat' dir='ltr'>helminthes</span> <span class='ocrx_word' id='word_1_443' title='bbox 1651 2949 1848 2997; x_wconf 78' lang='lat' dir='ltr'>embryoni</span> <span class='ocrx_word' id='word_1_444' title='bbox 1873 2949 1992 2999; x_wconf 82' lang='lat' dir='ltr'>aliquo</span> <span class='ocrx_word' id='word_1_445' title='bbox 2020 2949 2128 2985; x_wconf 82' lang='lat' dir='ltr'>modo</span> 
     </span>
     <span class='ocr_line' id='line_1_43' title="bbox 193 3012 2128 3063; baseline 0 -14"><span class='ocrx_word' id='word_1_446' title='bbox 193 3013 336 3049; x_wconf 88' lang='lat' dir='ltr'>similes</span> <span class='ocrx_word' id='word_1_447' title='bbox 363 3019 469 3056; x_wconf 88' lang='lat' dir='ltr'>sunt,</span> <span class='ocrx_word' id='word_1_448' title='bbox 522 3012 584 3058; x_wconf 90' lang='lat' dir='ltr'>qui</span> <span class='ocrx_word' id='word_1_449' title='bbox 621 3014 689 3048; x_wconf 86' lang='lat' dir='ltr'>etsi</span> <span class='ocrx_word' id='word_1_450' title='bbox 723 3014 873 3063; x_wconf 78' lang='lat' dir='ltr'>organis</span> <span class='ocrx_word' id='word_1_451' title='bbox 910 3014 1166 3062; x_wconf 85' lang='lat' dir='ltr'>respirationis</span> <span class='ocrx_word' id='word_1_452' title='bbox 1200 3013 1298 3050; x_wconf 86' lang='lat' dir='ltr'>haud</span> <span class='ocrx_word' id='word_1_453' title='bbox 1332 3013 1528 3051; x_wconf 89' lang='lat' dir='ltr'>destitutus</span> <span class='ocrx_word' id='word_1_454' title='bbox 1563 3013 1620 3051; x_wconf 87' lang='lat' dir='ltr'>his</span> <span class='ocrx_word' id='word_1_455' title='bbox 1655 3020 1808 3057; x_wconf 85' lang='lat' dir='ltr'>tamen,</span> <span class='ocrx_word' id='word_1_456' title='bbox 1859 3021 1965 3052; x_wconf 87' lang='lat' dir='ltr'>utero</span> <span class='ocrx_word' id='word_1_457' title='bbox 1995 3013 2128 3049; x_wconf 81' lang='lat' dir='ltr'>matris</span> 
     </span>
     <span class='ocr_line' id='line_1_44' title="bbox 192 3075 2125 3127; baseline 0.001 -15"><span class='ocrx_word' id='word_1_458' title='bbox 192 3077 379 3121; x_wconf 84' lang='lat' dir='ltr'>inclusus,</span> <span class='ocrx_word' id='word_1_459' title='bbox 433 3075 487 3110; x_wconf 84' lang='lat' dir='ltr'>uti</span> <span class='ocrx_word' id='word_1_460' title='bbox 521 3088 592 3111; x_wconf 90' lang='lat' dir='ltr'>non</span> <span class='ocrx_word' id='word_1_461' title='bbox 618 3084 757 3123; x_wconf 79' lang='lat' dir='ltr'>potest,</span> <span class='ocrx_word' id='word_1_462' title='bbox 806 3077 871 3113; x_wconf 90' lang='lat' dir='ltr'>sed</span> <span class='ocrx_word' id='word_1_463' title='bbox 904 3078 1096 3126; x_wconf 78' lang='lat' dir='ltr'>sanguinis</span> <span class='ocrx_word' id='word_1_464' title='bbox 1130 3077 1331 3127; x_wconf 74' lang='lat' dir='ltr'>oxygenati</span> <span class='ocrx_word' id='word_1_465' title='bbox 1366 3084 1403 3112; x_wconf 87' lang='lat' dir='ltr'>et</span> <span class='ocrx_word' id='word_1_466' title='bbox 1435 3077 1473 3112; x_wconf 92' lang='lat' dir='ltr'>in</span> <span class='ocrx_word' id='word_1_467' title='bbox 1500 3084 1718 3113; x_wconf 84' lang='lat' dir='ltr'>maternam</span> <span class='ocrx_word' id='word_1_468' title='bbox 1753 3078 1945 3124; x_wconf 86' lang='lat' dir='ltr'>placentae</span> <span class='ocrx_word' id='word_1_469' title='bbox 1981 3083 2125 3122; x_wconf 80' lang='lat' dir='ltr'>partem</span> 
     </span>
     <span class='ocr_line' id='line_1_45' title="bbox 194 3139 2122 3191; baseline 0 -15"><span class='ocrx_word' id='word_1_470' title='bbox 194 3139 341 3176; x_wconf 79' lang='lat' dir='ltr'>advecti</span> <span class='ocrx_word' id='word_1_471' title='bbox 368 3152 433 3186; x_wconf 87' lang='lat' dir='ltr'>ope</span> <span class='ocrx_word' id='word_1_472' title='bbox 460 3139 713 3175; x_wconf 86' lang='lat' dir='ltr'>sufficientem</span> <span class='ocrx_word' id='word_1_473' title='bbox 739 3142 986 3187; x_wconf 81' lang='lat' dir='ltr'>quantitatem</span> <span class='ocrx_word' id='word_1_474' title='bbox 1014 3154 1082 3190; x_wconf 78' lang='lat' dir='ltr'>gas</span> <span class='ocrx_word' id='word_1_475' title='bbox 1115 3141 1292 3191; x_wconf 78' lang='lat' dir='ltr'>oxygenii</span> <span class='ocrx_word' id='word_1_476' title='bbox 1327 3141 1477 3189; x_wconf 75' lang='lat' dir='ltr'>accipit,</span> <span class='ocrx_word' id='word_1_477' title='bbox 1544 3141 1600 3179; x_wconf 81' lang='lat' dir='ltr'>Ita</span> <span class='ocrx_word' id='word_1_478' title='bbox 1635 3154 1734 3177; x_wconf 83' lang='lat' dir='ltr'>nune</span> <span class='ocrx_word' id='word_1_479' title='bbox 1769 3140 1998 3177; x_wconf 86' lang='lat' dir='ltr'>helminthes</span> <span class='ocrx_word' id='word_1_480' title='bbox 2035 3139 2122 3176; x_wconf 81' lang='lat' dir='ltr'>dum</span> 
     </span>
    </p>
   </div>
   <div class='ocr_carea' id='block_1_3' title="bbox 281 3289 1791 3400">
    <p class='ocr_par' dir='ltr' id='par_1_6' title="bbox 281 3289 1791 3400">
     <span class='ocr_line' id='line_1_46' title="bbox 282 3289 1268 3330; baseline 0.001 -10"><span class='ocrx_word' id='word_1_481' title='bbox 282 3293 311 3327; x_wconf 85' lang='grc' dir='ltr'>ι)</span> <span class='ocrx_word' id='word_1_482' title='bbox 352 3291 379 3320; x_wconf 86' lang='lat'>1.</span> <span class='ocrx_word' id='word_1_483' title='bbox 406 3301 432 3321; x_wconf 81' lang='lat' dir='ltr'>c.</span> <span class='ocrx_word' id='word_1_484' title='bbox 467 3301 499 3330; x_wconf 88' lang='lat' dir='ltr'>p.</span> <span class='ocrx_word' id='word_1_485' title='bbox 521 3299 591 3328; x_wconf 81' lang='lat'>143.</span> <span class='ocrx_word' id='word_1_486' title='bbox 656 3289 707 3316; x_wconf 80' lang='grc'><strong>--’-’</strong></span> <span class='ocrx_word' id='word_1_487' title='bbox 869 3294 900 3330; x_wconf 81' lang='lat'>2)</span> <span class='ocrx_word' id='word_1_488' title='bbox 944 3290 1158 3330; x_wconf 80' lang='lat' dir='ltr'>Rudolphi</span> <span class='ocrx_word' id='word_1_489' title='bbox 1193 3291 1217 3321; x_wconf 91' lang='lat'>1.</span> <span class='ocrx_word' id='word_1_490' title='bbox 1241 3301 1268 3321; x_wconf 88' lang='lat' dir='ltr'>c.</span> 
     </span>
     <span class='ocr_line' id='line_1_47' title="bbox 281 3344 1791 3400; baseline 0.003 -13"><span class='ocrx_word' id='word_1_491' title='bbox 281 3362 312 3397; x_wconf 75' lang='lat'>3)</span> <span class='ocrx_word' id='word_1_492' title='bbox 355 3359 486 3388; x_wconf 84' lang='lat' dir='ltr'>Bloch</span> <span class='ocrx_word' id='word_1_493' title='bbox 519 3361 543 3389; x_wconf 92' lang='lat'>1.</span> <span class='ocrx_word' id='word_1_494' title='bbox 568 3371 595 3391; x_wconf 86' lang='lat' dir='ltr'>c.</span> <span class='ocrx_word' id='word_1_495' title='bbox 626 3371 656 3399; x_wconf 86' lang='lat' dir='ltr'>p.</span> <span class='ocrx_word' id='word_1_496' title='bbox 673 3360 724 3391; x_wconf 77' lang='lat'>26.</span> <span class='ocrx_word' id='word_1_497' title='bbox 778 3344 989 3400; x_wconf 19' lang='lat' dir='ltr'>Riudolphi</span> <span class='ocrx_word' id='word_1_498' title='bbox 1019 3361 1244 3390; x_wconf 75' lang='lat' dir='ltr'>Wiedemanns</span> <span class='ocrx_word' id='word_1_499' title='bbox 1269 3359 1388 3389; x_wconf 82' lang='lat' dir='ltr'>Archiv</span> <span class='ocrx_word' id='word_1_500' title='bbox 1410 3360 1511 3391; x_wconf 84' lang='lat' dir='ltr'>Bd.2.</span> <span class='ocrx_word' id='word_1_501' title='bbox 1535 3360 1606 3390; x_wconf 83' lang='lat' dir='ltr'>Hft.</span> <span class='ocrx_word' id='word_1_502' title='bbox 1629 3369 1660 3391; x_wconf 74' lang='lat'>2.</span> <span class='ocrx_word' id='word_1_503' title='bbox 1689 3368 1718 3396; x_wconf 76' lang='lat' dir='ltr'>P·</span> <span class='ocrx_word' id='word_1_504' title='bbox 1739 3357 1791 3395; x_wconf 79' lang='lat'>46·</span> 
     </span>
    </p>
   </div>
   <div class='ocr_carea' id='block_1_4' title="bbox 281 3424 2125 3469">
    <p class='ocr_par' dir='ltr' id='par_1_7' title="bbox 281 3424 2125 3469">
     <span class='ocr_line' id='line_1_48' title="bbox 281 3424 2125 3469; baseline -0.001 -11"><span class='ocrx_word' id='word_1_505' title='bbox 281 3430 312 3466; x_wconf 82' lang='lat'>4)</span> <span class='ocrx_word' id='word_1_506' title='bbox 355 3427 514 3460; x_wconf 63' lang='grc' dir='ltr'>Βοὴ-εὶς</span> <span class='ocrx_word' id='word_1_507' title='bbox 541 3427 648 3463; x_wconf 76' lang='grc' dir='ltr'>(ῡίεε.</span> <span class='ocrx_word' id='word_1_508' title='bbox 674 3430 711 3458; x_wconf 85' lang='lat' dir='ltr'>de</span> <span class='ocrx_word' id='word_1_509' title='bbox 735 3428 853 3459; x_wconf 67' lang='lat' dir='ltr'>fetu-ib,</span> <span class='ocrx_word' id='word_1_510' title='bbox 877 3436 908 3458; x_wconf 86' lang='lat' dir='ltr'>et</span> <span class='ocrx_word' id='word_1_511' title='bbox 937 3430 1069 3469; x_wconf 57' lang='grc' dir='ltr'><strong>νει-19113</strong></span> <span class='ocrx_word' id='word_1_512' title='bbox 1104 3431 1307 3461; x_wconf 59' lang='lat' dir='ltr'>verminosis.</span> <span class='ocrx_word' id='word_1_513' title='bbox 1333 3428 1476 3461; x_wconf 81' lang='lat' dir='ltr'>Helmst.</span> <span class='ocrx_word' id='word_1_514' title='bbox 1496 3434 1584 3467; x_wconf 82' lang='lat'><em>1780.</em></span> <span class='ocrx_word' id='word_1_515' title='bbox 1608 3431 1661 3466; x_wconf 79' lang='lat'>4.)</span> <span class='ocrx_word' id='word_1_516' title='bbox 1688 3436 1810 3459; x_wconf 78' lang='lat' dir='ltr'>vermes</span> <span class='ocrx_word' id='word_1_517' title='bbox 1835 3436 1876 3455; x_wconf 82' lang='lat' dir='ltr'>ex</span> <span class='ocrx_word' id='word_1_518' title='bbox 1896 3424 1985 3456; x_wconf 73' lang='lat' dir='ltr'>villis</span> <span class='ocrx_word' id='word_1_519' title='bbox 2007 3427 2125 3456; x_wconf 73' lang='lat' dir='ltr'>anima-</span> 
     </span>
    </p>
   </div>
   <div class='ocr_carea' id='block_1_5' title="bbox 402 3484 1456 3569">
    <p class='ocr_par' dir='ltr' id='par_1_8' title="bbox 402 3484 1456 3569">
     <span class='ocr_line' id='line_1_49' title="bbox 402 3484 1423 3525; baseline 0.001 -12"><span class='ocrx_word' id='word_1_520' title='bbox 402 3484 486 3514; x_wconf 74' lang='lat' dir='ltr'>llum</span> <span class='ocrx_word' id='word_1_521' title='bbox 513 3484 646 3525; x_wconf 82' lang='lat' dir='ltr'>chylum</span> <span class='ocrx_word' id='word_1_522' title='bbox 676 3484 826 3514; x_wconf 77' lang='lat' dir='ltr'>attrahere</span> <span class='ocrx_word' id='word_1_523' title='bbox 852 3486 988 3524; x_wconf 80' lang='lat' dir='ltr'>profert,</span> <span class='ocrx_word' id='word_1_524' title='bbox 1024 3495 1102 3515; x_wconf 86' lang='lat' dir='ltr'>num</span> <span class='ocrx_word' id='word_1_525' title='bbox 1126 3485 1304 3517; x_wconf 72' lang='lat' dir='ltr'>observatio</span> <span class='ocrx_word' id='word_1_526' title='bbox 1325 3484 1423 3516; x_wconf 70' lang='lat' dir='ltr'>vera?</span> 
     </span>
     <span class='ocr_line' id='line_1_50' title="bbox 1408 3532 1456 3569; baseline 0.021 -1"><span class='ocrx_word' id='word_1_527' title='bbox 1408 3532 1456 3569; x_wconf 79' lang='lat'>16</span> 
     </span>
    </p>
   </div>
  </div>
 </body>
</html>
