2520 4031
924 308 1032 331 --<
1135 304 1181 345 39
1281 309 1393 331 ³-—-

198 399 390 445 obtusum,
434 403 641 432 retrorsum
669 395 911 439 decrescens,
950 396 1056 444 apice
1082 396 1330 432 obtusiusculo
1356 395 1584 430 instructum
1610 393 1671 432 vel
1696 400 1894 436 obovatum
1921 407 1998 445 est,
2041 405 2129 439 cum

199 474 291 510 apex
317 460 532 496 rotundatus
558 460 786 497 anteriorem
812 459 894 495 fere
920 468 1069 508 partem
1097 460 1267 497 crassitie
1294 459 1486 507 adaequet.
1539 458 1640 504 Quae
1670 461 1776 508 signa
1800 471 1840 499 ut
1862 464 1958 501 mihi
1980 477 2130 513 persua„

198 537 303 569 sum,
342 524 678 573 Echinorhynchos
705 524 792 568 hos,
833 531 913 560 tam
942 525 988 560 ad
1016 525 1264 568 tereticolles,
1308 537 1421 573 quam
1448 523 1662 568 nodulosos,
1716 536 1828 570 quam
1865 536 1989 564 ovatos
2032 529 2130 566 refe-

197 588 330 625 rendos
365 601 444 624 esse
478 589 568 626 satis
602 588 791 627 evincunt,
813 608 862 614 —
919 588 993 624 Sed
1026 589 1080 624 sic
1115 595 1266 638 egomet
1296 589 1373 636 ipse
1406 589 1446 624 in
1482 588 1668 624 intestinis
1697 585 1856 637 Cyprini
1882 592 1992 627 Barbi
2027 594 2131 630 circa

196 666 347 690 vermes
380 654 564 699 resectis,
616 652 953 700 Echinorhynchos
989 651 1152 698 offendi,
1207 652 1366 699 quinque
1409 651 1454 687 ad
1492 660 1572 688 octo
1609 652 1726 688 lineas
1759 652 1919 701 longos,
1973 670 2131 702 quorum

196 718 349 766 plurimi
376 718 508 762 albidi,
563 716 625 752 alii
652 729 740 752 vero
775 716 984 752 aurantiaci
1017 724 1138 757 erant.
1201 717 1346 751 Priores
1381 722 1503 751 motus
1536 715 1789 752 vividissimos
1823 716 1998 762 edentes,
2052 735 2132 769 pro-

196 780 342 818 boscide
371 779 578 832 cylindrica
612 781 672 816 vel
705 792 840 827 parum
875 781 1041 825 clavata,
1090 788 1126 817 et
1159 781 1386 816 uncinorum
1413 781 1646 815 minutorum
1673 780 1840 816 seriebus
1869 781 1972 818 circa
2000 783 2133 832 viginti

195 854 363 891 armata,
419 846 509 882 collo
537 856 624 880 mox
651 844 782 880 conico
808 843 908 880 bulla
935 846 1159 890 terminato,
1215 857 1301 880 mox
1336 845 1445 891 hujus
1479 845 1559 880 loeo
1587 844 1712 879 antica
1738 845 1777 879 in
1803 852 1907 892 parte
1933 846 2132 894 tumidulo,

194 922 282 946 mox
311 909 515 959 cylindrico
541 908 789 943 transversim
817 908 952 956 plicato
980 916 1016 944 et
1042 922 1197 959 rugoso,
1241 908 1458 956 proboscide
1486 920 1600 954 aeque
1630 920 1774 953 crasso,
1811 921 1964 956 corpore
1991 919 2134 949 anti-or.

195 986 279 1010 sum
314 974 465 1018 obtuso,
518 979 728 1008 retrorsum
763 979 980 1018 attenuate,
1034 973 1210 1021 apiceque
1245 973 1371 1008 obtuso
1407 972 1582 1008 instructi
1617 978 1738 1012 erant.
1795 970 2018 1011 Aurantiaci
2044 989 2134 1012 vero

194 1050 323 1074 omnes
349 1039 427 1085 jam
454 1036 593 1072 mortui
619 1035 877 1084 proboscidem
909 1038 1086 1073 similiter
1114 1045 1346 1074 exstructam
1374 1036 1572 1081 habebant,
1608 1037 1746 1072 collum
1773 1035 1813 1072 in
1837 1038 2009 1085 plurimis
2036 1040 2138 1082 bulla,
2166 1064 2171 1068 ·

193 1102 460 1146 terminatum,
514 1101 553 1137 in
580 1100 662 1136 aliis
689 1102 808 1136 solum
836 1101 1084 1147 tumidulum‚
1139 1110 1175 1138 et
1202 1114 1334 1149 corpus
1371 1102 1514 1137 formas
1542 1101 1685 1148 priores
1711 1112 1800 1136 mox
1826 1101 2134 1150 subsphaericam

193 1178 283 1215 prae
317 1179 356 1202 se
391 1165 551 1204 ferebat.
1442 1161 1445 1165 ’

343 1230 407 1267 Sic
436 1237 472 1265 et
497 1230 809 1279 Echinorhynchi
837 1230 1058 1266 Salmonum
1093 1238 1134 1266 ut
1160 1229 1351 1278 Thymalli
1379 1236 1415 1264 et
1442 1229 1635 1273 Farionis‚
1674 1226 1773 1265 Cotti
1801 1228 1932 1275 Gobii,
1976 1230 2134 1282 Cyprini

191 1295 294 1330 rutili
322 1302 358 1330 et
385 1294 613 1341 reliquorum
638 1295 821 1342 piscium,
854 1307 942 1330 mox
967 1294 1184 1342 proboscide
1213 1293 1444 1341 cylindrica,
1490 1305 1579 1328 mox
1606 1293 1752 1329 clavata
1780 1301 1954 1341 utuntur,
1998 1299 2135 1334 collum

192 1370 281 1395 mox
314 1358 569 1407 cylindricum
600 1371 780 1408 rugosum
813 1358 911 1394 bulla
944 1358 1222 1401 terminatum,
1275 1369 1362 1392 mox
1398 1357 1572 1393 conicum
1606 1358 1741 1402 laeve,
1793 1358 1920 1396 media
1955 1360 1993 1396 in
2028 1370 2135 1408 parte

192 1423 462 1469 constrictum,
492 1435 623 1471 corpus
651 1434 738 1457 mox
766 1428 981 1458 antrorsum
1010 1422 1312 1467 crassissimum,
1348 1429 1558 1457 retrorsum
1587 1428 1842 1469 attenuatum,
1882 1437 1968 1460 mox
1997 1432 2034 1460 et
2061 1426 2133 1463 hac

190 1487 231 1523 in
258 1495 363 1534 parte
391 1486 692 1530 crassissimum,
743 1486 916 1532 utrinque
951 1486 1289 1532 subrotundatum,
1343 1486 1395 1522 ita
1428 1493 1468 1522 ut
1501 1487 1579 1532 jam
1613 1498 1658 1521 ex
1691 1485 1802 1522 dictis
1836 1488 2002 1526 evictum
2037 1491 2132 1539 mihi

192 1550 362 1596 videtur,
413 1550 557 1598 species
585 1561 607 1586 a
637 1562 700 1585 me
729 1551 967 1596 conjunctas,
1021 1564 1063 1587 re
1090 1564 1182 1586 vera
1208 1550 1375 1598 speciem
1402 1550 1558 1586 unicam
1587 1550 1829 1596 constituere,

576 1853 1134 1929 -Speoies
1240 1850 1696 1910 dubiae.

191 1990 267 2047 6¹7)
328 1989 741 2048 Echinorhynchus
782 1990 996 2036 Pardalis.
1058 2007 1101 2034 11.
1141 2005 1208 2049 sp.

277 2085 378 2118 Hah,
423 2086 462 2116 In
490 2087 651 2133 intestinis
687 2087 802 2117 Felis
834 2088 1031 2118 Pardalis-

345 2162 404 2204 Cl.
430 2165 462 2200 N
471 2155 652 2201 atterer
689 2166 1054 2216 Echinorhynchum
1088 2166 1189 2202 hune
1225 2165 1435 2202 solitarium
1463 2166 1623 2214 quodam
1650 2167 1688 2204 in
1717 2167 1889 2204 tenuibus
1917 2167 2136 2217 (Duodeno)

190 2235 385 2276 repertum
413 2241 459 2264 ex
485 2229 643 2266 Brasilia
668 2231 900 2277 transmisit,
949 2232 1010 2279 qui
1038 2238 1166 2268 autem
1195 2242 1282 2266 cum
1308 2231 1496 2278 proboscis
1529 2231 1696 2280 disrupta
1724 2246 1796 2269 non
1824 2241 1928 2269 certe
1957 2234 2136 2271 determi-

190 2292 336 2329 nandus
363 2299 432 2333 est.
485 2293 742 2342 Magnitudine
770 2296 911 2331 vermis
939 2295 1072 2332 decem
1099 2296 1215 2331 lineas
1243 2295 1418 2340 metitur,
1445 2308 1530 2343 pars
1552 2304 1741 2344 superstes
1766 2297 1994 2345 proboscidis
2019 2300 2136 2347 cylin-

193 2356 298 2393 drica
324 2356 492 2402 videtur,
545 2358 692 2394 uncinis
723 2359 811 2395 satis
839 2355 1004 2396 fortibus¹
1024 2368 1060 2396 et
1092 2360 1242 2396 reflexis
1269 2359 1436 2406 munita,
1491 2361 1628 2397 collum
1655 2363 1822 2408 nullum,
1877 2375 2008 2410 corpus
2036 2370 2136 2401 teres

191 2421 365 2468 utrinque
381 2429 590 2459 retrorsum
609 2430 866 2469 attenuatum,
894 2437 986 2473 apex
1003 2424 1166 2461 caudalis
1184 2417 1578 2473 obtuso-marginatus
1587 2452 1599 2471 ,
1623 2426 1846 2474 superficies
1857 2427 1984 2463 >obiter
1999 2428 2134 2471 incisa,

191 2569 272 2623 68)
332 2568 745 2628 Echinorhynchus
798 2573 1040 2617 Mustelae.

276 2663 295 2694 S
307 2676 328 2705 y
340 2675 361 2694 n
371 2676 389 2695 o
399 2676 433 2698 n.
477 2666 553 2697 Ech.
576 2667 738 2699 Mustelae.
781 2668 810 2698 R
820 2679 840 2697 u
850 2670 868 2698 d
880 2670 920 2699 01
932 2669 1001 2708 phi
1025 2670 1167 2711 Synops.
1195 2680 1229 2710 p.
1246 2678 1293 2711 75.
1316 2677 1387 2711 335.
1416 2680 1463 2700 nr.
1474 2678 1524 2710 50.

275 2742 375 2774 Hah.
419 2743 457 2772 In
485 2746 648 2776 intestinis
679 2747 885 2777 Mustelae
924 2749 1130 2788 vulgaris.

343 2822 582 2871 Descript.
639 2825 802 2861 Vermes
829 2825 918 2862 duas
945 2834 1070 2863 tresve
1104 2827 1221 2863 lineas
1255 2829 1377 2878 longi,
1432 2834 1572 2864 aestate
1601 2834 1637 2863 et
1663 2827 1804 2876 hyeme
1831 2828 1951 2863 semel
1977 2828 2133 2874 reperti,

192 2885 284 2920 cono
310 2884 554 2931 brevissimo,
583 2900 736 2935 corpore
762 2890 896 2935 tereti,
931 2903 1062 2927 versus
1090 2892 1227 2927 collum
1256 2891 1513 2937 crassissimo,
1549 2899 1760 2927 retrorsum
1788 2898 1998 2937 attenuato,
2028 2892 2134 2938 apice

191 2949 341 2994 obtuso,
395 2950 591 2997 superficie
624 2952 760 2988 leviter
791 2953 938 2999 incisa,
989 2955 1165 2992 instructi
1201 2964 1298 2996 sunt.
1360 2955 1412 2992 Ob
1450 2955 1709 3003 proboscidem
1742 2955 1782 2991 in
1817 2956 1915 2990 nullo
1949 2954 1995 2991 ad
2028 2955 2133 2991 basin

191 3025 306 3065 usque
335 3021 545 3059 exsertam,
584 3016 750 3062 speciem
777 3017 874 3053 hanc
908 3031 1000 3064 quae
1029 3019 1125 3055 mihi
1154 3020 1390 3068 napaeformi
1417 3019 1552 3055 similis
1580 3027 1643 3055 aut
1671 3018 1793 3055 affinis
1821 3018 1993 3064 videtur,
2035 3020 2134 3055 iuter

193 3075 322 3112 dubias
356 3079 473 3125 posui,
539 3079 628 3115 Pars
654 3080 885 3128 'proboscidis
923 3089 1070 3119 exserta
1103 3085 1300 3121 rotundata
1335 3082 1460 3120 medio
1499 3083 1704 3132 papillam,
1759 3096 1802 3120 ac
1831 3083 1981 3119 uncinis
2013 3084 2132 3132 longis

195 3147 356 3182 armata,

195 3291 278 3347 69)
337 3289 747 3349 Echinorhynchus
783 3296 948 3339 Muris.

279 3385 431 3427 Synon.
482 3387 545 3416 Ech
574 3384 684 3420 Muris'.
728 3389 815 3419 Rud
828 3391 950 3429 olphi
987 3391 1124 3432 Synops.
1161 3403 1191 3431 p.
1209 3393 1257 3431 76.
1297 3403 1346 3422 nr.
1365 3400 1402 3433 55
1418 3414 1427 3429 ‚
1478 3392 1648 3423 Entozool.
1681 3401 1714 3429 p.
1732 3400 1804 3430 302.
1833 3402 1881 3422 nr.
1900 3400 1927 3422 1.
1973 3392 2131 3422 Miiller

444 3441 569 3474 Naturf.
602 3444 643 3474 St.
660 3452 710 3476 22.
743 3455 775 3483 p.
795 3446 842 3486 56.
895 3447 912 3476 S
931 3448 976 3477 ch
990 3459 1006 3477 r
1021 3460 1037 3477 a
1052 3459 1073 3477 n
1088 3449 1111 3477 k
1144 3448 1333 3479 Verze'ichn.
1359 3459 1390 3487 p.
1410 3458 1459 3479 21.
1491 3460 1540 3480 nr.
1555 3458 1604 3487 7¹·
1637 3464 1681 3470 --
1745 3447 2130 3490 Pseudoechinorhynchus.

445 3497 581 3528 Goeze
598 3499 745 3558 ⁴Naturg.
770 3511 802 3541 p.
822 3509 890 3539 138.
922 3502 1002 3533 Tab.
1019 3514 1049 3543 9.
1075 3504 1111 3534 Β.
1146 3504 1199 3544 fig.
1221 3512 1268 3538 12.
1295 3523 1337 3530 —.
1390 3504 1491 3534 Muris
1513 3505 1657 3533 Haeruca
1684 3514 1806 3543 rugosa.
1839 3504 1965 3533 Zeder
1994 3504 2128 3546 Naturg.
