2520 4031
198 375 600 422 nullisspeciminibus
628 378 757 415 inedia
782 380 821 414 in
847 385 952 425 parte
979 378 1083 426 quasi
1112 379 1322 426 exsculpta,
1375 387 1416 415 ut
1442 383 1609 418 anterior
1642 398 1727 432 pars
1763 387 2024 438 subglobosam
2059 389 2133 426 for.

199 451 305 474 mam
339 439 422 476 fere
458 441 620 489 accipiat
657 450 694 478 et
719 441 946 478 uncinorum
983 443 1152 479 seriebus
1183 442 1382 480 duodecim
1417 448 1729 484 transversalibus
1767 452 1954 492 munita„
1985 451 2136 490 Collum

197 502 310 538 breve
338 502 557 542 distinctum
584 517 785 556 rugosum,
830 508 975 542 nullum
1002 506 1219 555 proboscide
1246 507 1347 544 haud
1365 516 1441 545 tota
1463 517 1624 546 exserta.
1677 508 1820 560 Corpus
1846 517 1885 552 in
1913 515 2004 554 duas
2031 518 2137 567 quasi

196 573 322 612 partes
349 567 610 615 distributum,
663 582 822 618 quarum
851 571 1018 607 anterior
1045 572 1229 617 obovalis,
1282 574 1466 620 posterior
1492 573 1703 622 cylindrica
1739 579 1901 624 aequalis
1936 581 2041 628 apice
2076 582 2136 618 ob-

198 637 279 667 tuso
308 633 366 668 vel
392 635 564 681 papillato
589 635 775 671 instructa
801 642 870 673 est·

347 697 388 743 b)
417 696 674 735 charadrii
703 696 981 737 Morinellis
1023 699 1188 736 vermes
1216 707 1373 748 quatuor
1392 701 1440 737 ‘ad
1470 714 1534 738 sex
1569 703 1686 740 lineas
1720 704 1843 755 longi,
1895 718 1985 742 vere
2020 708 2140 746 semel

198 761 360 807 reperti,
412 763 546 807 albidi,
601 761 817 810 proboscide
854 762 1087 811 cylindrica,
1141 764 1178 799 in
1204 765 1309 812 apice
1338 765 1536 803 rotundata
1563 780 1607 803 ac
1643 769 1869 806 uncinorum
1905 770 2140 809 minutorum

199 824 366 860 seriebus
396 826 593 862 duodecim
620 827 848 862 transversis
875 828 1042 872 munita,
1097 829 1189 865 collo
1217 829 1323 865 brevi
1359 828 1534 866 distincto
1570 832 1768 881 vaginato,
1815 846 1970 882 corpore
1998 841 2141 871 antror-

199 900 285 924 sum
312 890 515 935 tumidulo,
552 897 762 927 retrorsum
791 890 1000 939 cylindrico
1029 893 1198 941 aequali,
1237 894 1343 942 apice
1372 894 1499 930 obtuso
1526 897 1587 932 vel
1614 897 1831 933 acuminato
1857 897 2015 945 praediti
2041 906 2142 940 sunt.

351 956 391 999 c)
418 952 683 991 Charadrii
710 954 1006 994 Oedicnemi.
1058 956 1272 1007 Longitudo
1296 959 1454 1004 horum,
1507 967 1567 997 ter
1592 973 1683 996 vere
1710 967 1949 1009 repertorum
1982 970 2060 999 tres
2098 962 2145 998 ad

199 1032 264 1055 sex
290 1020 409 1055 lineas
436 1019 631 1068 adaequat.
684 1020 916 1057 Proboscidis
942 1020 1067 1056 forma
1096 1020 1267 1067 diversa,
1319 1024 1358 1059 in
1386 1025 1570 1061 nonnullis
1603 1026 1705 1062 enim
1734 1027 2016 1075 speciminibus,
2067 1036 2145 1066 tota

201 1091 348 1120 exserta
374 1083 584 1132 cylindrica
609 1085 716 1134 apice
743 1085 956 1129 rotundatu,
987 1086 1110 1133 aliqua
1136 1094 1243 1134 parte
1270 1095 1437 1125 retracta
1465 1090 1525 1126 vel
1551 1090 1770 1141 subglobosa
1795 1093 1857 1128 vel
1884 1093 2093 1141 cylindrica
2109 1101 2147 1131 et

201 1148 239 1184 in
263 1148 368 1195 apice
388 1155 565 1185 truncata
581 1157 651 1189 est
702 1149 918 1186 Duodecim
935 1151 1052 1186 seiies
1069 1152 1317 1196 uncinorum,
1356 1153 1387 1187 si
1414 1160 1491 1189 tota
1518 1163 1668 1190 exserta
1695 1155 1876 1201 adsunt,
1886 1156 2016 1204 quibus
2042 1171 2148 1219 prae-

200 1211 364 1247 sentibus
391 1213 529 1248 collum
555 1214 671 1250 breve
699 1227 753 1250 ac
781 1213 1002 1250 distinctum
1038 1228 1219 1264 rugosum
1257 1215 1382 1261 adest,
1435 1217 1674 1264 paucioribus
1709 1231 1799 1254 vero
1834 1220 2044 1268 conspicuis
2078 1222 2149 1258 hoc

200 1275 317 1316 deest
372 1274 548 1325 Corporis
576 1279 702 1315 antica
728 1291 814 1327 pars
850 1280 1048 1328 posteriori
1084 1281 1248 1316 crassior
1282 1280 1468 1324 obovalis‚
1519 1281 1614 1317 haec
1647 1283 1859 1331 cylindrica
1890 1286 2054 1332 aequalis
2090 1288 2151 1322 vel
2202 1316 2205 1319 .

199 1340 341 1376 iterum
369 1341 494 1378 medio
520 1355 656 1390 parum
682 1345 955 1383 intumescens.
1008 1343 1116 1391 Apex
1144 1344 1310 1380 caudalis
1337 1345 1573 1381 feminarum
1601 1348 1772 1394 obtusus,
1815 1350 1984 1386 marium
2017 1350 2151 1398 papilla

200 1407 260 1441 vel
286 1407 567 1454 protuberantia
600 1409 660 1444 vel
687 1410 803 1444 etiam
829 1407 997 1444 vesicula
1023 1420 1139 1456 parva
1167 1408 1352 1456 diaphana
1380 1410 1475 1457 stylo
1502 1422 1618 1457 parvo
1646 1411 1830 1450 instructa
1863 1414 2102 1452 terminatus.

203 1587 282 1641 50)
341 1584 758 1643 Echinorhynchus
791 1586 1118 1645 cylindraceus.
1183 1586 1400 1631 Schrank.

285 1679 433 1721 Synon.
488 1681 562 1712 Ech.
596 1682 817 1724 cylindraceus.
862 1683 880 1713 S
894 1694 909 1713 c
921 1684 942 1713 h
955 1696 970 1714 r
983 1695 999 1713 a
1012 1694 1032 1713 n
1046 1686 1069 1714 k
1105 1684 1294 1714 Verzeichn.
1328 1695 1361 1723 p.
1375 1689 1426 1721 28.
1461 1695 1512 1715 nr.
1529 1694 1581 1725 73.
1634 1686 1658 1714 Z
1675 1697 1692 1715 e
1710 1687 1728 1716 d
1745 1698 1762 1729 e
1778 1697 1793 1716 r
1827 1687 1990 1729 Nachtrag
2019 1699 2052 1727 p.
2077 1697 2153 1727 12¹2,

454 1737 587 1779 Naturg.
611 1750 642 1778 p.
663 1749 731 1780 ¹5¹·
763 1751 813 1770 nr.
832 1740 861 1770 6.
906 1740 1123 1779 Rudolphi
1153 1740 1292 1781 Synops.
1317 1741 1411 1780 p.69.
1436 1751 1482 1772 nr.
1501 1750 1571 1779 24.‚
1618 1743 1792 1774 Entozool‘.·
1816 1754 1846 1783 p.
1862 1752 1935 1783 272.
1970 1756 2018 1776 nr.
2036 1753 2082 1782 ιε.
2110 1763 2153 1770 -

455 1794 529 1824 Ech.
550 1795 623 1825 Pici.
656 1795 792 1826 Goeze
812 1796 946 1836 Naturg.
970 1799 1083 1836 p'.¹51.
1107 1796 1189 1826 Tab.
1207 1805 1254 1827 11.
1279 1797 1329 1837 fig.
1345 1805 1447 1834 1—5.
1494 1796 1663 1827 Gmelin
1686 1798 1775 1841 Syst.
1802 1800 1874 1830 Nat.
1902 1810 1934 1838 p.
1945 1809 2037 1841 3045.
2066 1811 2156 1843 ¹¹²9·

289 1873 478 1905 charact.
523 1873 692 1904 Proboscis
715 1873 866 1908 linearis,
913 1876 1108 1904 uncinorum
1131 1882 1323 1904 serratorum
1347 1874 1493 1905 seriebus
1515 1876 1684 1913 undecim·,
1735 1879 1861 1908 collum
1885 1878 1998 1915 breve;
2041 1891 2156 1920 corpus

454 1929 683 1969 longissimum
712 1939 891 1960 antrorsum
920 1937 1133 1970 angustatum.

290 2006 386 2038 Hah,
432 2007 471 2036 In
505 2008 665 2039 intestinis
695 2006 782 2038 Pici
810 2007 1185 2049 erythrocephali‚
1231 2009 1402 2046 majoris
1435 2015 1466 2038 et
1502 2010 1658 2040 viridis
1695 2018 1725 2040 et
1754 2012 1886 2041 Turdi
1915 2013 2114 2046 Merulae.

355 2091 391 2127 D
410 2104 428 2126 e
447 2091 647 2139 script.
715 2091 871 2129 Goeze
905 2093 1026 2128 refert
1068 2091 1412 2140 Echinorhynchos
1446 2093 1485 2128 in
1517 2094 1597 2129 Pici
1630 2095 1939 2143 erythrocephali
1972 2098 2159 2136 intestinis

205 2157 321 2191 lectos
348 2156 713 2204 sesquipollicares,
756 2157 836 2193 Pici
863 2157 998 2194 viridis
1032 2150 1122 2193 vero
1159 2155 1326 2193 minores
1361 2157 1500 2203 fuisse,
1553 2159 1706 2195 Zeder
1740 2168 1869 2197 autem
1904 2164 2159 2210 speciminum

207 2219 276 2256 sibi
303 2219 471 2255 visorum
509 2227 545 2255 et
573 2233 617 2255 ex
645 2220 761 2256 Turdi
789 2222 958 2258 Merulae
996 2221 1183 2258 intestinis
1218 2229 1457 2269 sumptorum
1493 2223 1799 2272 magnitudinem
1832 2227 1988 2263 tertiam
2016 2230 2160 2277 pollicis

208 2291 354 2332 partem
384 2284 429 2320 ad
456 2285 629 2332 pollicem
653 2286 847 2336 integrum
873 2286 990 2323 fuisse
1018 2286 1183 2327 adducit.
1236 2286 1332 2323 Mihi
1358 2287 1593 2324 solummodo
1621 2290 1831 2336 specimina
1869 2304 1990 2339 pauca
2027 2307 2071 2329 ex
2104 2295 2159 2330 in-

209 2349 355 2385 testinis
382 2349 462 2386 Pici
496 2350 650 2396 majoris
685 2351 826 2399 hyeme
862 2359 1013 2400 reperta
1049 2349 1237 2399 inspicere
1274 2363 1520 2397 concessum,
1573 2367 1733 2401 quorum
1770 2355 1877 2405 signa
1912 2357 2027 2397 haecz
2076 2360 2161 2395 Pro-

208 2412 330 2449 boscis
356 2411 510 2449 linearis
537 2414 668 2464 longa,
711 2414 937 2450 uncinorum
967 2415 1072 2464 apice
1100 2423 1358 2461 serratorum,
1399 2417 1455 2452 uti
1483 2415 1642 2454 Goeze
1671 2426 1707 2454 et
1733 2418 1890 2456 Zeder
1917 2423 2160 2469 contendunt,

210 2476 380 2512 seriebus
413 2483 495 2513 octo
529 2479 589 2513 vel
624 2477 760 2515 decem
794 2479 1109 2517 transversalibus
1147 2479 1260 2516 dense
1297 2482 1457 2521 munita
1520 2480 1670 2519 Collum
1703 2484 1975 2522 brevissimum
2009 2488 2162 2551 quidem

212 2539 277 2576 sed
304 2539 539 2580 distinctum
591 2540 734 2592 Corpus
763 2542 1019 2592 cylindricum
1046 2553 1131 2581 anti
1133 2558 1262 2581 orsum
1289 2558 1424 2593 parum
1455 2543 1703 2592 decrescens,
1757 2550 1932 2598 utrinque
1958 2532 2162 2589 incurvum

213 2605 349 2641 leviter
378 2599 557 2647 incisum
610 2605 718 2655 Apex
746 2606 911 2644 caudalis
939 2609 978 2644 in
1006 2608 1178 2645 omnibus
1206 2609 1467 2658 marginatus,
1525 2619 1561 2647 et
1584 2611 1703 2659 quoad
1729 2612 2005 2663 longitudinem
2032 2629 2163 2653 omnes

214 2682 279 2706 sex
306 2681 422 2717 usque
451 2667 585 2706 decem
610 2671 729 2709 lineas
758 2679 976 2721 aequantes.

220 2830 297 2886 51)
337 2828 773 2887 'Echinorhynchus
814 2830 1044 2877 fasciatus.
1106 2830 1225 2877 mihi
1266 2850 1311 2877 n.
1350 2850 1416 2893 sp.

302 2923 450 2964 synon.
495 2925 570 2954 fich.
603 2912 1011 2968 momentisarrzmpizzae.
1063 2929 1280 2969 Rudolphi
1310 2930 1448 2972 synops.
1483 2938 1583 2969 p.77⁴
1621 2931 1737 2970 nr0⁶50
1764 2944 1806 2952 —
1871 2929 1947 2961 Eeb,
1976 2928 2164 2972 Sylviarum.

472 2980 551 3027 ibid.
588 2991 637 3013 nr.
658 2985 708 3012 66.
734 2999 775 3005 --
829 2983 903 3012 Ech.
928 2984 1093 3016 Ruhetrne.
1123 2986 1201 3016 ibid.
1233 2997 1282 3018 nr.
1303 2988 1354 3026 67.

306 3057 489 3090 Chai-act.
536 3057 702 3088 Proboscis
738 3061 940 3099 cylindrica,
984 3066 1177 3096 uncinorum
1207 3065 1350 3095 seriebus
1374 3065 1561 3102 duodecim
1604 3065 1729 3094 collum
1750 3061 2006 3100 brevissimum3
2049 3073 2166 3103 corpus

474 3115 712 3154 cylindricum,
757 3126 929 3147 retrorsum
961 3126 1170 3150 attenuatum.

308 3191 406 3224 Hab.
451 3193 489 3222 In
512 3202 640 3223 omento
664 3194 917 3224 Motacillae
938 3189 1244 3235 'airicapillam
1282 3198 1446 3228 intestinis
1472 3198 1724 3228 Motacilhe
1757 3197 1885 3232 Fitis,
1929 3194 2164 3233 Lusciniae‚

476 3248 745 3285 Philomeles,
764 3249 1030 3288 Phoe'nicuri,
1055 3253 1295 3290 rubeculae,
1320 3254 1538 3292 Rubetrae,
1563 3255 1808 3284 rubicollae
1829 3252 2165 3294 etTroglodytis.

376 3331 663 3381 Descript‚
733 3335 772 3379 a)
815 3334 1092 3373 Motacillae
1138 3338 1466 3386 atricapillae⁴
1538 3339 1741 3377 Vermium
1786 3335 1905 3374 semel
1947 3341 2088 3373 aestate
2129 3338 2168 3374 in

175 3402 179 3403 ⁷
229 3403 377 3434 omento
404 3405 642 3444 repertorum
669 3399 859 3436 maximus
885 3401 1082 3449 pollicem,
1125 3401 1260 3451 reliqui
1287 3407 1363 3439 tres
1391 3403 1437 3440 ad
1458 3417 1524 3441 sex
1549 3405 1668 3441 lineas
1696 3399 1796 3452 longi
1823 3406 1923 3440 sunt.
1975 3401 2168 3438 Proboscis

231 3473 371 3511 magna
413 3461 622 3509 cylin'tlrica
640 3489 653 3509 ,
709 3463 791 3500 basi
830 3465 1018 3501 tantillum
1067 3467 1237 3504 tenuiore
1279 3475 1316 3504 et
1357 3469 1582 3506 uncinorum
1625 3473 1824 3503 acutorum
1865 3473 1900 3501 et
1941 3465 2169 3502 reflexorum
