2520 4031
351 411 488 437 ‘verum
517 385 632 446 rugas
664 406 711 430 ex
741 391 1067 443 longitudinalium
1093 389 1346 427 contractione
1385 392 1557 424 exortum
1583 388 1752 435 ducere,
1804 395 1934 427 tamen
1961 390 2030 427 has
2056 397 2288 428 transversa-

353 466 448 502 libus
480 460 715 510 praevalere*
733 456 832 497 haud
869 455 1110 492 statuendum
1146 454 1243 490 mihi
1277 453 1448 497 videtur,
1499 454 1725 500 praesertim
1768 466 1858 491 cum
1897 455 1937 491 in
1971 455 2142 491 minimis
2175 455 2289 492 Echi-

353 522 894 575 norhynch·is·.transversales
934 519 1056 556 adhuc
1097 518 1367 564 observantur,
1435 516 1526 552 dum
1571 517 1670 552 lente
1714 518 1831 554 etiam
1882 510 2091 555 fortissime
2127 526 2287 568 augente

353 590 517 628 adhibita
555 585 884 637 longitudinalium
925 584 1048 619 solum
1069 582 1305 618 ‘rudimenta
1349 582 1603 630 reperiuntur.
1677 581 1964 618 Transversales
2004 591 2201 630 praeterea
2249 583 2289 619 'm

350 653 529 691 omnibus,
564 663 721 699 quorum
762 647 1051 698 longitudinales
1093 648 1336 695 conspicuae,
1404 652 1560 693 excepto
1603 642 1731 681 forsan
1771 646 2092 694 Echinorhyncho
2125 647 2290 697 Gigante

349 720 466 756 multo
492 715 690 752 validiores
718 720 755 749 et
782 711 973 748 densiores
1007 712 1078 748 sibi
1110 712 1297 759 appositae
1330 718 1437 756 sunt,
1490 722 1604 757 quam
1630 709 1940 760 longitud-males,
1995 711 2090 758 quod
2120 713 2174 748 ita
2208 723 2288 747 esse

349 797 421 821 non
447 787 586 830 posset,
631 776 663 812 si
687 776 977 827 longitudinales
1004 776 1174 813 maxima
1200 776 1239 812 vi
1264 782 1474 812 uterentur.

500 845 700 882 Fibrarum
739 842 877 878 harum
917 842 1111 890 praecipui
1153 849 1276 878 motus
1321 840 1367 876 ad
1406 851 1583 876 vermem
1629 840 1932 877 contrahendum
1970 847 2008 876 et
2041 839 2289 889 elongandum

348 906 521 952 Zedeffo
545 911 576 954 1)
612 909 692 955 jam
729 915 835 943 recte
869 908 1047 942 monente
1082 905 1310 953 respiciunt,
1353 911 1392 939 et
1417 904 1480 939 illa
1513 905 1581 940 sub
1612 905 1760 941 actione
1789 905 2015 950 crassiores,
2057 905 2130 941 hac
2163 910 2289 940 autem

346 978 534 1015 tenuiores
569 974 686 1021 fiunt5
746 972 903 1008 actionis
936 983 1028 1006 vero
1062 982 1151 1005 usus
1186 969 1232 1004 ad
1272 968 1530 1005 sustentandos
1564 978 1688 1006 motus
1731 971 1960 1018 proboscidis
1989 978 2026 1006 et
2060 980 2290 1020 organorum

347 1039 579 1093 generationi
618 1036 909 1073 inservientium
951 1033 1110 1079 alludit,
1169 1046 1258 1069 cum
1304 1033 1397 1069 alius
1435 1040 1558 1069 motus
1600 1035 1665 1069 vix
1699 1036 1846 1083 corpori
1879 1035 2291 1084 Echinorhynchorum

345 1103 580 1147 tribuendus,
633 1101 718 1148 quia
745 1101 865 1136 semel
894 1098 1082 1135 intestinis
1109 1098 1350 1134 inhaerentes
1377 1105 1481 1133 certe
1515 1099 1642 1133 locum
1674 1106 1824 1135 mutare
1859 1100 1958 1136 haud
1984 1107 2148 1148 possunt.

502 1168 624 1203 Motus
650 1164 900 1213 proboscidis,
942 1176 1056 1210 quem
1084 1162 1239 1200 Goeze
1259 1165 1294 1208 2)
1323 1170 1359 1198 et
1384 1162 1540 1199 Zeder
1560 1166 1593 1210 3)
1623 1167 1733 1212 saepe
1761 1164 2078 1210 observaverunt,
2122 1163 2289 1212 quodque

345 1234 441 1270 mihi
475 1232 594 1268 semel
629 1242 771 1277 quoque
806 1228 1011 1278 contiguit,
1065 1228 1322 1275 spectaculum
1357 1227 1512 1275 praebet
1546 1228 1875 1266 amoenissimum.
1944 1228 2289 1276 Echinorhynchus

343 1303 486 1345 nempe
505 1296 595 1332 dum
631 1295 893 1344 proboscidem
920 1294 1118 1330 retrahere
1145 1299 1284 1336 tentat,
1337 1290 1448 1326 fibras
1483 1291 1771 1341 longitudinales
1805 1292 1987 1336 remittit,
2041 1292 2290 1329 circularium

342 1377 431 1400 vero
460 1362 605 1398 actione
632 1373 765 1397 versus
798 1360 944 1408 apicem
981 1358 1179 1395 caudalem
1214 1356 1360 1405 longior
1392 1355 1452 1401 fit,
1504 1369 1576 1403 qua
1612 1370 1656 1392 ex
1695 1370 1737 1392 re
1772 1357 1910 1406 vagina
1942 1357 2171 1404 proboscidis
2199 1370 2288 1397 cum

343 1428 467 1465 antica
490 1433 594 1475 parte
622 1425 700 1461 cuti
726 1425 896 1460 internae
924 1423 1044 1460 adfixa
1071 1424 1150 1470 jam
1177 1411 1387 1458 retrorsum
1415 1420 1579 1460 ducitur.
1631 1422 1714 1457 Hac
1741 1433 1808 1457 suc
1836 1421 1982 1457 actione
2008 1421 2171 1457 musculi
2186 1421 2289 1470 vagi-

342 1506 412 1530 nae
454 1490 618 1540 proprii,
672 1496 971 1525 retractores
1006 1488 1104 1523 mihi
1138 1487 1249 1533 dic-ti,
1302 1485 1400 1521 tensi
1434 1484 1591 1520 ulterius
1627 1484 1748 1521 adhuc
1783 1483 1927 1534 agendo
1964 1492 2000 1521 et
2032 1484 2288 1521 contrahendo

340 1558 520 1607 vaginam
545 1561 756 1590 retrorsum
783 1553 959 1597 trahunt,
1015 1552 1068 1588 ita
1094 1560 1135 1588 ut
1160 1551 1327 1600 corporis
1352 1548 1585 1597 proboscidei
1612 1549 1732 1597 basis,
1775 1550 1944 1598 margini
1968 1551 2130 1600 vaginae
2167 1550 2288 1586 adfixa

339 1626 453 1663 simul
487 1630 697 1659 retrorsum
742 1620 915 1661 ducatur,
968 1619 1053 1655 Hac
1087 1625 1216 1654 autem
1257 1615 1323 1651 sub
1357 1613 1585 1649 retractione
1619 1613 1715 1649 cutis
1753 1619 1932 1648 externae
1967 1613 2166 1649 echinatae
2202 1611 2289 1661 par's

338 1692 429 1728 collo
460 1688 665 1737 propinqua
698 1685 824 1733 prima
857 1685 897 1720 in
930 1683 1113 1733 vaginam
1148 1681 1374 1724 inflectitur,
1431 1679 1492 1714 cui
1536 1678 1678 1714 sensim
1713 1672 1867 1725 corpore
1903 1675 2131 1726 proboscidis
2165 1677 2289 1727 magis

339 1755 461 1792 adhuc
488 1760 653 1789 retracto
682 1759 719 1788 et
747 1751 870 1798 aliqua
896 1757 1003 1798 parte
1030 1749 1167 1785 inflexo
1196 1748 1340 1794 reliqua
1366 1758 1453 1794 pars
1480 1744 1832 1793 integumentorum
1860 1742 2049 1789 sequitur,
2095 1749 2137 1777 ut
2161 1742 2289 1790 probo-

336 1820 438 1857 scide
465 1826 541 1855 tota
567 1824 734 1853 retracta
761 1815 960 1852 foraminis
987 1815 1093 1851 coeci
1119 1813 1264 1862 species
1291 1810 1447 1849 oriatur.
1501 1808 1584 1842 Hac
1610 1807 1677 1842 sub
1705 1807 1954 1852 retractione,
1983 1806 2039 1841 uti
2066 1805 2219 1844 Goeze
2238 1800 2311 1854 4),’

338 1884 487 1923 Zeder
508 1884 557 1929 5),
608 1879 844 1928 Rudolphi
864 1879 899 1925 6)
926 1879 1005 1925 jam
1033 1885 1210 1922 monent,
1262 1874 1451 1924 proboscis
1479 1879 1606 1908 autem
1634 1884 1707 1907 non
1742 1872 1864 1907 solum
1890 1877 2102 1907 retrorsum
2137 1870 2288 1908 ducitur

339 1948 404 1986 sed
430 1946 547 1982 etiam
575 1944 835 1994 integumenta
862 1944 1128 1987 invertuntur,
1182 1942 1234 1977 ita
1260 1948 1301 1976 ut
1329 1946 1484 1975 externa
1512 1938 1680 1974 aculeata
1708 1936 1827 1972 facies
1854 1936 2003 1971 interna
2028 1935 2093 1972 illa
2118 1943 2286 1974 retracta

337 2013 529 2052 reddatur.
580 2008 717 2045 Aculei
743 2008 895 2056 quidem
922 2008 1045 2055 primo
1066 2006 1204 2042 intuitu
1231 2005 1319 2041 huic
1346 2003 1551 2040 inversioni
1578 2001 1839 2038 contradicere
1862 2000 2051 2046 videntur,
2079 1999 2145 2037 sed
2170 2002 2288 2039 seria-

338 2081 409 2116 tim
436 2073 601 2122 dispositi
631 2071 852 2108 distantiam
878 2072 977 2107 inter
1004 2084 1044 2106 se
1068 2077 1224 2106 servunt
1251 2077 1288 2105 et
1314 2069 1412 2104 nullo
1438 2065 1547 2103 modo
1575 2066 1862 2114 complicantur·

489 2140 530 2176 Si
557 2144 684 2174 autem
711 2137 855 2172 veimis
882 2135 1144 2184 proboscidem
1171 2134 1310 2170 emittit
1336 2132 1451 2168 fibrae
1477 2130 1779 2180 longitudinales,
1818 2130 1997 2166 relaxatis
2024 2131 2286 2168 transversali÷

339 2209 425 2252 bus,
479 2203 621 2255 agendo
656 2201 1024 2250 Echinorhynchum
1060 2212 1193 2236 versus
1227 2198 1416 2235 anteriora
1449 2196 1666 2233 breviorem
1692 2194 1875 2240 reddunt,
1930 2207 2002 2242 qua
2037 2196 2102 2231 sub
2138 2197 2284 2233 actione

341 2285 430 2310 cum
465 2271 579 2306 simul
612 2275 842 2304 retractores
876 2266 1037 2302 relaxati
1064 2265 1204 2315 vagina
1237 2276 1368 2300 versus
1403 2263 1569 2299 anticam
1605 2268 1642 2297 et
1674 2273 1895 2308 supremam
1939 2260 2105 2307 corporis
2137 2269 2286 2310 partem

341 2336 547 2386 premitur,
602 2340 638 2368 et
672 2332 726 2368 sic
763 2331 798 2367 ei
832 2331 912 2378 jam
946 2330 1020 2366 vis
1039 2329 1301 2377 proboscidem
1335 2329 1522 2364 inclusam
1556 2325 1799 2376 protrudendi
1833 2326 2025 2364 tribuitur
2078 2327 2161 2363 Hoc
2195 2341 2286 2364 vero

339 2399 566 2450 praesertim
611 2409 710 2433 nunc
754 2395 901 2443 actione
944 2395 1204 2430 musculorum
1245 2394 1426 2443 vaginam
1472 2393 1510 2428 in
1552 2393 1676 2428 crucis
1712 2392 1878 2427 formam
1914 2391 2149 2440 cingentium
2187 2392 2285 2429 mihi

339 2473 639 2515 protrusores
675 2462 864 2498 dictorum
898 2459 1122 2507 perficitur,
1183 2458 1245 2506 qui
1285 2465 1367 2493 tum
1411 2456 1555 2507 agendo
1590 2456 1771 2506 vaginam
1807 2455 1930 2492 adhuc
1963 2455 2120 2491 ulterius
2152 2468 2285 2494 versus

341 2530 528 2568 anteriora
554 2534 752 2576 premunt,
806 2533 889 2562 tum
914 2525 1022 2561 basin
1048 2524 1209 2574 vaginae
1237 2522 1290 2558 ita
1319 2521 1602 2572 constringunt,
1645 2528 1686 2556 ut
1711 2520 1939 2568 proboscidis
1965 2519 2130 2556 reflexae
2158 2532 2203 2556 ac
2229 2518 2285 2556 in·

339 2607 471 2631 versae
498 2594 597 2630 basis
623 2592 746 2652 primo
772 2598 862 2626 tunc
889 2602 981 2625 vero
1008 2589 1151 2625 sensim
1182 2587 1324 2634 reliqua
1350 2599 1437 2635 pars
1465 2587 1604 2623 emissa
1630 2593 1820 2634 appareat

494 2660 551 2695 Ita
587 2665 709 2693 motus
743 2654 971 2703 proboscidis
1011 2662 1116 2690 recte
1156 2654 1382 2701 explicatus,
1435 2660 1476 2688 ut
1510 2651 1606 2688 mihi
1638 2651 1788 2687 videtur
1822 2663 1915 2688 num
1952 2657 2081 2687 autem
2111 2648 2282 2686 omnibus

341 2722 671 2772 Echinorhynchis
695 2721 751 2756 vis
779 2721 875 2756 haec
903 2719 1011 2764 data,
1066 2725 1123 2754 est
1148 2719 1242 2765 quod
1276 2718 1465 2764 dubitem,
1519 2716 1703 2765 siquidem
1736 2717 1880 2753 vermis
1914 2716 2004 2752 dum
2038 2714 2133 2751 vivit
2158 2721 2282 2749 motus

342 2804 405 2839 pro
439 2789 557 2825 lubitu
592 2786 704 2822 edere
724 2812 736 2830 ,
789 2783 1122 2832 proboscidemque
1155 2783 1217 2818 vel
1249 2790 1367 2818 totam
1400 2784 1460 2818 vel
1495 2783 1615 2830 aliqua
1651 2789 1756 2830 parte
1790 2789 1936 2818 tantum
1977 2780 2175 2817 retrahere
2219 2787 2283 2816 aut

343 2855 516 2892 emittere
543 2859 683 2900 potest,
734 2858 776 2886 ut
802 2864 847 2885 ex
875 2848 1141 2897 speciminibus
1170 2849 1386 2895 proboscide
1413 2849 1552 2896 partim
1580 2855 1730 2884 exserta
1757 2847 1958 2884 exstructis
1991 2846 2127 2884 elucet.

486 2919 530 2953 In
565 2917 638 2952 illis
674 2916 777 2952 enim
810 2914 1143 2963 Echinorhynchis
1178 2927 1337 2962 quorum
1371 2926 1538 2964 organon
1581 2914 1652 2950 hoc
1688 2913 1914 2961 primarium
1947 2909 2047 2946 bulla
2080 2909 2277 2958 sphaerica

343 2982 498 3026 insidet,
549 2989 589 3016 ut
615 2982 653 3018 in
681 2982 876 3017 Proteus
903 2980 1000 3016 mihi
1026 2980 1146 3025 dicto,
1198 2981 1259 3016 vel
1284 2992 1442 3027 quorum
1471 2980 1608 3015 collum
1635 2979 1667 3014 si
1687 2978 1821 3014 seniles
1848 2982 1889 3011 ut
1914 2975 2216 3023 polymorphi
2243 2982 2279 3011 et

342 3047 748 3096 sphaerocephali
783 3048 904 3083 solum
940 3047 1039 3082 bulla
1065 3047 1312 3089 terminatur,
1367 3051 1491 3080 motus
1527 3044 1620 3080 tales
1655 3043 1718 3078 vix
1752 3038 1975 3076 admittendi
2009 3045 2107 3078 sunt.
2166 3039 2279 3076 Echi-

342 3111 652 3160 norhynchorum
678 3111 815 3146 horum
842 3111 979 3160 vagina
1005 3123 1073 3158 per
1098 3118 1218 3145 totum
1245 3111 1382 3146 collum
1409 3109 1560 3157 quidem
1588 3107 1787 3154 conspicua
1813 3105 1935 3153 ibique
1969 3105 2087 3152 quoad
2119 3113 2279 3143 structu-

344 3188 428 3212 ram
455 3174 558 3210 omni
584 3174 621 3210 in
648 3181 734 3210 nota
758 3174 1019 3210 brevicollium
1046 3175 1206 3224 vaginae
1233 3175 1367 3210 similis
1392 3181 1467 3219 est,
1520 3172 1586 3209 sed
1612 3172 1700 3207 dum
1728 3171 1868 3207 bullam
1902 3171 2017 3207 intrat
2049 3170 2090 3207 in
2121 3169 2277 3207 ductum

344 3241 532 3276 minutum
565 3239 625 3274 vel
659 3238 698 3275 in
731 3240 855 3286 plures
890 3238 1112 3276 minutiores
1145 3239 1242 3284 abit,
1292 3239 1345 3274 ita
1370 3246 1410 3275 ut
1435 3239 1476 3275 in
1502 3239 1601 3274 hunc
1635 3239 1695 3273 vel
1730 3237 1797 3273 hos
1824 3236 2012 3285 proboscis
2039 3237 2072 3275 si
2098 3248 2277 3285 praesens

348 3304 445 3339 nullo
480 3302 588 3338 modo
615 3304 812 3340 retrahere
839 3305 976 3345 valeat,

433 3439 463 3474 ι)
504 3438 529 3467 1.
556 3448 582 3468 c.
613 3447 646 3475 p.
666 3446 735 3476 134·
762 3455 805 3461 —-
936 3442 968 3477 2)
1012 3439 1145 3480 Naturg.
1167 3449 1199 3478 p.
1219 3447 1288 3478 147.
1315 3440 1386 3472 160,
1412 3454 1454 3461 -
1586 3442 1617 3477 3)
1662 3438 1795 3480 Naturg.
1819 3449 1850 3478 p.
1868 3439 1936 3479 146.
1964 3457 2004 3464 .-

429 3495 460 3530 4)
501 3493 527 3523 1.
556 3503 581 3522 c.
610 3503 642 3532 p.
661 3502 729 3534 15¹·
757 3511 800 3521 .-
929 3498 960 3533 5)
1002 3496 1026 3525 1.
1055 3505 1082 3525 c.
1107 3513 1149 3520 -
1281 3498 1311 3532 6)
1334 3496 1358 3526 1.
1383 3506 1409 3526 c.
1433 3506 1555 3537 p.229.
