2520 4031
932 299 1043 324 ..a-q
1143 298 1189 336 23
1291 301 1401 325 ”aas

351 390 573 428 Froelich
607 392 672 427 sub
699 391 849 429 nomine
868 388 1189 438 'Echinorhynchi
1216 390 1415 435 Buteonis,
1467 403 1642 428 vermem
1671 408 1691 431 a
1719 392 1969 437 se'i'ritestinis
1993 405 2133 441 crassis

202 456 373 492 Falconis
405 456 626 492 Tinnunculi
653 462 844 504 repertum
878 454 930 490 ita
958 453 1182 502 descripsit,
1236 461 1277 490 ut
1311 454 1464 504 quisque
1495 455 1598 492 sacili
1632 460 1777 511 negotio
1804 463 1905 500 hun'c
1938 478 2003 513 pro
2038 480 2133 504 nova

201 519 326 569 specie
354 527 390 555 et
417 519 460 556 ab
488 519 644 556 caudato
671 519 816 554 diversa
841 530 977 566 ponere
1005 518 1131 565 possit,
1201 518 1391 554 Proboscis
1417 527 1554 567 nempe
1587 519 1670 555 viro
1704 523 1806 558 claro
1839 526 2131 582 lineam'longa,

202 583 440 633 cylindrica,
493 584 609 632 apice.
631 586 827 627 truncata,
881 582 1082 629 multisque
1115 582 1283 623 seriebus
1317 583 1543 619 uncinorum
1578 585 1810 629 minutorum
1843 595 2066 632 transvebsis
2097 604 2133 632 et

202 648 434 684 densissimis
475 649 623 690 munita
662 646 743 682 visa
786 652 856 685 est.
933 642 1082 680 Collum
1120 645 1336 693 proboscide
1376 647 1458 682 fere
1495 660 1615 696 aeque
1650 639 1826 699 longum,
1880 656 2132 702 cylindrjeum

203 713 355 761 aequale
373 739 385 758 ,
439 711 608 750 verrucis
642 708 934 754 minutissimis,
987 709 1260 758 irregularibus
1289 710 1445 757 elevatis
1476 718 1513 746 et
1539 711 1662 748 rubris
1688 714 1870 761 obsitum,
1925 730 1994 766 quo
2012 704 2140 763 ,rubro-

201 778 435 814 maculatum
463 782 651 824 appareat.
714 772 856 822 Corpus
876 773 1021 808 lineare
1047 774 1176 818 laeve,
1229 786 1322 821 apex
1358 773 1523 810 caudalis
1558 776 1727 823 obtusus,
1783 791 1826 816 ac
1857 782 2025 820 vesicula
2059 786 2134 824 dia-

199 842 324 890 phana
352 824 506 885 inflexa,
560 839 649 874 duas
678 837 758 873 fere
791 838 908 872 lineas
936 837 1069 886 longa,
1121 837 1160 873 in
1185 837 1289 884 apice
1319 838 1480 886 capitulo
1508 839 1784 889 cartilagineo}
1801 843 1927 882 obtuso
1950 844 2133 888 instructa

199 907 441 942 terminatur.
500 904 574 939 Vix
602 909 729 938 autom
765 902 902 937 collum
938 902 1011 936 tale
1051 901 1179 946 datur,
1230 909 1271 937 ut
1304 902 1364 937 Ru
1377 902 1535 950 delphi
1570 910 1674 940 recte
1707 905 1786 951 jam
1823 916 1970 955 monet,
2025 921 2060 949 et
2094 915 2132 951 in

202 971 300 1006 nullo
327 967 646 1015 Echinorhyncho
674 965 830 1002 caudato
857 966 1027 1001 Falconis
1053 967 1302 1011 Tinnunculi,
1356 967 1461 1013 eujus
1492 968 1759 1017 quinquaginta
1795 954 1900 1009 circa
1926 976 2131 1021 specimina

200 1033 297 1070 mihi
323 1032 403 1067 visa
430 1038 534 1076 sunt,
589 1030 875 1066 accuratissime
913 1031 1085 1067 omnibus
1122 1031 1303 1079 inspectis
1331 1032 1406 1067 tale
1434 1032 1572 1067 collum
1600 1032 1800 1070 observare
1828 1047 2049 1077 concessum
2066 1050 2132 1083 est

200 1096 318 1143 mihi,
364 1095 462 1132 unde
490 1095 537 1131 ad
563 1094 795 1132 credendum
826 1094 1005 1142 inducor,
1056 1095 1105 1134 cl.
1123 1095 1251 1131 virum
1277 1095 1405 1131 forsan
1432 1095 1630 1144 deceptam
1659 1097 1959 1153 observationem
1982 1103 2132 1150 fecisse,

1440 1234 1456 1245 ι

196 1288 277 1343 41)
337 1285 751 1344 Echinorhynchus
793 1286 940 1330 Tuba.
1001 1284 1124 1328 Rud.

280 1379 432 1422 Synon.
477 1382 552 1412 Eeb.
581 1381 677 1413 Tuba.
702 1381 918 1420 Rudolphi
946 1379 1086 1420 Synops.
1109 1384 1200 1418 p.7o.
1222 1387 1296 1419 324.
1326 1389 1456 1418 nr.3o.,
1492 1382 1665 1414 Entozool.
1688 1393 1720 1422 p.
1738 1393 1809 1426 275.
1833 1398 1883 1420 nr.
1906 1399 1933 1423 1.
1978 1389 2134 1426 wiede-

446 1449 589 1468 manns
612 1437 730 1467 Archiv
772 1447 804 1474 p.
820 1442 867 1474 57.
891 1444 977 1474 nr.9.
1024 1436 1154 1465 Zeder
1192 1434 1325 1476 Naturg.
1351 1446 1382 1476 p.
1396 1443 1464 1476 153.
1490 1448 1538 1467 nr.
1553 1447 1601 1476 14.
1628 1456 1671 1463 -·
1727 1442 1801 1472 Ech.
1820 1445 1975 1477 stridulae.
2001 1449 2132 1482 Goeze

446 1494 580 1534 Naturg.
604 1503 636 1531 p.
658 1500 726 1532 ¹53.
748 1491 829 1523 Tab.
849 1500 896 1522 11.
921 1491 970 1531 flg-
986 1497 1002 1528 8
1017 1499 1117 1523 —12.
1139 1507 1181 1515 —
1243 1482 1318 1521 Eeb.
1343 1492 1495 1524 Aluconis.
1520 1493 1738 1533 Rudolphi
1763 1497 1897 1531 Observ.
1923 1501 2008 1536 RH.
2035 1516 2065 1543 p.
2085 1518 2132 1547 ¹3·

445 1547 643 1578 Froelich
673 1547 798 1578 NaturF.
828 1546 871 1576 St.
886 1554 936 1585 29.
967 1556 1001 1584 p.
1019 1547 1070 1586 65,
1094 1550 1144 1578 nr.
1164 1554 1215 1586 34.
1261 1548 1423 1577 Miiller
1450 1549 1544 1580 2001.
1570 1546 1755 1583 Dan.'V01.
1776 1553 1816 1584 ΙΙ.
1847 1564 1880 1592 p,
1900 1566 1948 1595 39,
1983 1560 2063 1592 Tib·
2080 1566 2134 1602 ⁶9·

444 1604 495 1646 fig.
513 1613 640 1643 7—11.
685 1602 852 1633 Gmel'in
876 1601 956 1642 Syst.
982 1601 1053 1632 Nar.
1079 1612 1111 1641 p.
1122 1611 1211 1642 3045.
1236 1613 1286 1634 nr.
1303 1613 1333 1642 7.
1356 1619 1398 1627 —-
1454 1603 1530 1636 Ech.
1554 1604 1676 1645 Str-igis.
1708 1608 1784 1639 ibid.
1805 1620 1837 1648 p.
1854 1621 1945 1653 3045.
1971 1620 2060 1651 ιιι-,3,
2083 1636 2133 1643 .-.

447 1659 522 1689 Ech.
547 1659 697 1700 Nycteae.
728 1657 911 1687 Schrank
936 1657 1122 1688 Verzeichn.
1146 1668 1178 1697 p».
1188 1667 1239 1690 22.
1263 1670 1312 1688 nr.
1328 1666 1378 1699 75.

280 1736 462 1769 Chai-act.
507 1737 677 1768 Proboscis
703 1737 852 1772 linearis,
883 1738 1076 1766 uncinorum
1101 1736 1244 1767 seriebus
1267 1739 1401 1773 multis,
1425 1741 1514 1778 apice
1536 1741 1614 1771 tubo
1636 1744 1784 1773 exsertili
1807 1745 1975 1786 instructa;
2010 1753 2133 1783 collum

448 1793 597 1830 nullum3
641 1803 755 1831 corpus
787 1799 867 1822 teres
895 1793 1043 1832 longum,

280 1871 382 1902 Hah.
427 1871 466 1900 In
496 1872 656 1902 intestinis
687 1870 841 1910 Strigis
872 1868 1098 1904 Almonis,
1143 1871 1355 1908 Bubonis;
1398 1873 1621 1904 flammeae
1648 1884 1678 1906 et
1704 1879 1922 1913 stridulae,

345 1950 439 1984 Des
451 1949 588 1996 cript‚
637 1949 878 1998 Singularem
896 1947 994 1984 hanc
1009 1946 1201 1996 speciem,
1242 1951 1464 1987 Bremser
1487 1952 1673 2000 quondam
1705 1959 1864 2002 (aestate
1887 1960 1960 2007 bis,
1989 1963 2130 2012 hyeme

198 2014 334 2058 semel)
367 2014 406 2049 in
429 2013 482 2053 St,
499 2013 648 2048 Bubone
673 2012 848 2060 reperiit,
878 2013 1087 2068 specimina
1111 2020 1238 2048 autem
1254 2015 1331 2060 jam
1358 2015 1420 2050 diu
1443 2016 1575 2063 spiritu
1593 2028 1804 2065 asservata,
1833 2024 1886 2058 ita
1912 2026 1990 2062 vim
2017 2029 2131 2078 liquo-

197 2079 250 2114 ris
278 2084 431 2125 experta
458 2084 561 2122 sunt,
614 2085 655 2112 ut
690 2077 804 2113 ardue
840 2088 972 2112 eorum
1005 2084 1239 2113 structuram
1267 2078 1498 2129 distinguere
1526 2082 1670 2129 noleas,
1726 2097 1839 2133 quam
1873 2088 1916 2123 ob
1951 2104 2035 2128 rein
2071 2094 2132 2130 de-

197 2142 419 2190 scriptiones
447 2143 637 2178 clarorum
665 2142 836 2177 virorum
859 2153 964 2177 meas
992 2142 1121 2178 facere
1149 2154 1276 2192 cogor.

367 2200 524 2243 Goeze
558 2206 702 2254 primus
736 2205 914 2242 Januario
956 2218 1109 2252 mense,
1162 2207 1529 2256 Echinorhynchum
1571 2210 1672 2247 hunc
1706 2212 1745 2248 in
1783 2213 1968 2254 intestinis
1996 2219 2132 2271 strigis

200 2270 400 2315 stridulae,
454 2271 624 2305 Miiller
650 2277 686 2306 et
713 2265 939 2306 Froelich
967 2271 1005 2306 in
1028 2271 1239 2317 Aluconis,
1276 2272 1324 2310 cl.
1352 2271 1582 2321 Rudolphi
1610 2279 1903 2316 mense-Martio
1930 2283 1967 2319 in
1994 2286 2131 2336 strigis

198 2335 400 2371 flammeae
428 2341 551 2370 tractu
580 2334 785 2370 intestinali
812 2333 1018 2381 reperiere.
1076 2335 1288 2385 Longitudo
1315 2337 1510 2380 vermium¹
1541 2339 1716 2385 pollicem
1750 2344 1811 2380 vel
1844 2344 1932 2382 duos
1964 2356 1999 2384 et
2034 2352 2131 2389 ultra

201 2399 403 2448 adaequat,
430 2399 617 2446 proboscis
645 2411 798 2443 eorum,
831 2405 871 2433 ut
897 2398 1128 2448 Rudolphi
1163 2399 1333 2446 adducit,
1368 2401 1521 2437 linearis
1548 2411 1674 2449 recta,
1709 2407 1934 2446 uncinorum
1961 2415 2132 2452 tenuissi-

202 2475 353 2499 morum
381 2462 547 2498 seriebus
573 2462 745 2511 plurimis
773 2470 938 2508 armata,
984 2476 1148 2513 organon
1175 2477 1312 2514 sugens
1340 2466 1599 2503 absconditum
1626 2469 1760 2516 habet,
1802 2474 1897 2520 quod
1924 2486 2130 2526 exsertum,

202 2527 330 2562 tubam
356 2527 690 2564 membranaceam
716 2528 987 2577 longitudinem
1013 2543 1144 2567 versus
1170 2531 1349 2578 plicatam
1378 2531 1531 2567 obverse
1560 2533 1732 2570 conicam
1759 2537 1900 2584 refert,
1945 2548 1981 2576 et
2005 2545 2133 2590 probo,

206 2591 300 2628 scidi
331 2593 560 2641 longitudine
597 2594 720 2630 simile
757 2602 825 2634 est.
895 2593 1042 2630 Collum
1078 2596 1235 2633 nullum.
1307 2593 1450 2643 Corpus
1482 2604 1582 2633 teres
1609 2599 1831 2648 subaequale
1863 2604 2041 2654 longum,
2095 2611 2134 2646 in

204 2656 378 2692 intestino
405 2652 556 2703 planum
584 2672 628 2694 ac
656 2673 854 2711 rugosum,
905 2660 1010 2708 apice
1040 2657 1186 2697 caudali
1218 2661 1451 2697 obtutissimo
1477 2663 1717 2704 instructum,

357 2720 413 2755 Ita
447 2720 499 2760 ill.
527 2721 720 2771 Rudolphi.
755 2742 804 2751 —
868 2724 1021 2774 Effigies
1056 2724 1207 2762 Goeze
1250 2726 1508 2773 proboscidem
1544 2728 1802 2767 subclavatam
1837 2740 1874 2768 et
1908 2735 2132 2777 uncinorum

206 2797 432 2835 magnorum
475 2786 641 2824 seriebus
682 2791 916 2838 paucioribus
953 2796 1141 2824 armatam
1185 2789 1327 2837 refert,
1378 2792 1777 2843 Miiller(fig.10.)
1818 2799 1954 2835 collum
1991 2804 2132 2841 nullum

205 2848 463 2897 proboscidem
490 2850 704 2909 subrectam
738 2862 775 2890 et
801 2855 1000 2891 incurvam
1028 2855 1132 2903 apice
1159 2855 1418 2903 perforatam,
1471 2857 1510 2893 in
1544 2858 1606 2908 fig,
1627 2871 1663 2908 9,
1702 2872 1792 2895 vero
1827 2863 1962 2898 collum
1990 2869 2132 2914 gracile

208 2922 245 2951 et
276 2913 534 2963 proboscidem
568 2916 835 2955 brevissimam
868 2919 1278 2956 obovata-truncatarn
1314 2920 1476 2960 exhibet.
1536 2921 1758 2960 Froelich
1792 2925 1830 2960 in
1865 2929 2132 2975 speciminibus

207 2978 278 3016 sibi
302 2979 418 3025 visis,
462 2982 598 3017 collum
624 2983 738 3018 breve
766 2983 1043 3035 cylindricum,
1079 2983 1336 3032 proboscidem
1363 2983 1613 3033 cylindricam
1640 2984 1718 3022 basi
1743 3000 1877 3035 parum
1905 2994 2131 3045 tenuiorem,

209 3042 313 3094 apice
339 3043 588 3096 perforatam,
642 3045 802 3082 caudam
836 3046 1004 3084 obtusam
1040 3048 1078 3083 in
1111 3048 1219 3083 unius
1253 3046 1369 3095 apicis
1401 3048 1518 3083 latere
1545 3049 1711 3087 vesicula
1738 3053 1983 3094 terminatam
2010 3060 2131 3098 obser-

209 3119 315 3144 vasse
342 3106 527 3154 affirmat,
569 3108 613 3144 de
640 3110 769 3156 quibus
796 3117 921 3146 autem
949 3110 1166 3146 differentiis
1193 3117 1363 3160 autoptae
1388 3110 1567 3159 judicent.
1594 3133 1643 3140 —

1646 3201 1652 3217 I

210 3289 290 3344 42)
351 3287 759 3346 Echinorhynchus
791 3292 1003 3351 aequalis.
1065 3292 1182 3338 Rud.

295 3381 444 3423 Synon.
487 3386 560 3415 Ech.
592 3387 734 3428 aequalis.
778 3387 990 3427 Rudolphi
1014 3390 1151 3431 Synops.
1182 3401 1276 3431 p.7o.
1313 3402 1361 3422 nr.
1379 3400 1447 3429 31„
1487 3392 1654 3423 En'tozool.
1682 3401 1713 3430 p·
1733 3400 1804 3433 277·
1838 3403 1886 3425 nr.
1902 3403 1951 3426 22.
2003 3397 2131 3430 Zeder

460 3439 590 3484 Naturg.
615 3454 644 3481 p.
659 3453 725 3486 ¹¹54.
750 3455 796 3474 nr.
812 3443 858 3474 ¹6.
885 3463 926 3469 -
979 3446 1052 3478 Ech.
1077 3448 1196 3488 Strigis.
1229 3447 1362 3479 Goeze
1386 3448 1518 3490 Naturg.
1542 3459 1572 3487 p.
1587 3459 1652 3488 ¹54·
1674 3449 1753 3479 Tab.
1768 3460 1815 3481 11.
1840 3451 1888 3491 fig.
1902 3460 1948 3490 ¹3·
1970 3468 2033 3477 --
2055 3456 2129 3486 Ech.

460 3495 573 3537 Scapis.
598 3498 760 3530 Gmelin
782 3499 862 3540 syst.
890 3499 963 3531 Nat.
991 3512 1022 3541 p.
1032 3511 1125 3544 3045·
1151 3505 1242 3536 nr.6.
1260 3521 1301 3528 ·-
1343 3504 1418 3537 Ech.
1447 3506 1554 3537 otidis.
1585 3497 1765 3536 Selii-ank
1788 3504 1879 3537 Vei-z.
1903 3516 1936 3544 p.
1946 3516 1997 3548 23.
2020 3521 2068 3542 nr.
2081 3513 2130 3551 76.
