2520 4031
1071 279 1181 302 --«
1283 280 1332 310 20
1432 283 1541 307 »-

337 378 416 436 36)
473 367 886 428 Echinorhynchus
919 367 1114 426 gracilis.
1175 367 1302 412 Rud.

416 486 568 526 synon.
613 481 688 510 Ech.
716 479 853 520 gracilis.
895 478 1121 516 Rudolphi
1142 476 1280 518 Synops.
1303 487 1334 516 p.
1349 477 1400 514 68.
1425 487 1498 518 319.
1530 488 1580 520 ¹¹¹⁸:
1597 485 1650 513 22.

416 577 606 608 Charact.
651 574 820 604 Proboscis
843 571 1040 611 cylindrica,
1087 573 1285 601 uncinorum
1316 572 1520 600 minutorum
1551 569 1695 600 seriebus
1719 569 1830 599 decem
1858 566 1896 597 ad
1919 566 2106 607 duodecim,
2156 566 2286 598 collum

582 630 730 665 nullum,
774 637 888 666 corpus
919 628 1141 668 cylindricum
1169 635 1341 656 retrorsum
1364 633 1572 656 attenuatum.
2255 618 2258 622 ”

416 724 516 756 Hab.
561 723 601 752 In
628 720 784 751 intestinis
820 716 1020 748 Coraciae
1052 718 1273 749 Gari-ulae.

483 825 723 877 Descript.l
773 824 930 861 Vermis
957 824 1068 870 hujus
1094 823 1327 871 specimina,
1372 834 1394 858 a
1420 822 1672 857 Treutlero
1706 827 1870 866 aestate,
1910 821 2166 857 Bremsero
2191 833 2284 856 vere

332 897 453 934 semel
478 897 626 938 reperta
654 888 752 925 mihi
780 889 889 924 obvia
906 914 918 933 ,
974 889 1057 924 alba
1082 896 1119 923 et
1145 894 1305 934 quatuor
1338 898 1455 932 usque
1492 898 1558 921 sex
1592 885 1711 921 lineas
1738 887 1850 934 longa
1890 892 2000 929 sunt,
2053 891 2089 919 et
2116 884 2214 919 hanc
2240 886 2284 920 ob

333 971 487 998 causam
515 956 632 990 multo
660 954 825 1000 majora,
854 964 967 1002 quam
994 952 1058 987 illa
1085 963 1179 998 quae
1207 951 1259 988 ill.
1287 949 1435 984 Rudol
1443 949 1525 996 phi
1551 949 1665 993 vidit,
1694 961 1783 984 cum
1810 955 1958 984 tantum
1984 949 2127 985 lineam
2154 956 2286 995 quarta

333 1032 437 1074 parte
463 1019 678 1068 superantia
704 1016 786 1052 viro
814 1017 917 1051 claro
943 1015 1040 1054 visa.
1092 1013 1284 1049 Proboscis
1312 1011 1537 1059 cylindrica,
1566 1012 1607 1047 in
1629 1013 1736 1059 apice
1763 1013 2006 1059 subrotunda,
2034 1014 2073 1050 in
2101 1012 2287 1049 nonnullis

331 1087 410 1125 basi
445 1084 551 1133 quasi
592 1081 823 1125 constricta,
883 1080 1111 1115 uncinorum
1153 1078 1379 1127 exiguorum
1422 1075 1591 1111 seriebus
1639 1074 1774 1112 decem
1816 1078 2131 1114 transversalibus
2172 1076 2286 1112 dense

332 1156 477 1187 armata
505 1154 575 1187 est.
627 1144 777 1182 Collum
803 1145 950 1180 nullum
979 1144 1085 1180 adest
1112 1150 1149 1178 et
1176 1154 1310 1189 corpus
1337 1140 1506 1175 formam
1534 1138 1810 1187 cylindricam,
1857 1148 2072 1177 antrorsum
2099 1141 2284 1185 inflatam,

328 1214 428 1252 laevi
454 1212 633 1248 strictura
659 1210 931 1257 interceptam,
969 1216 1181 1244 retrorsum
1207 1217 1345 1254 parum
1372 1211 1607 1240 attenuatam
1633 1203 1746 1245 sistit,
1796 1204 1905 1253 Apex
1932 1205 2098 1257 caudalis
2121 1206 2286 1249 obtusus,

327 1281 367 1317 in
394 1276 578 1315 nonnullis
605 1274 743 1323 papilla
761 1286 887 1321 parva
915 1272 1161 1310 terminatus.

478 1370 589 1405 Poros
618 1377 777 1415 magnos
805 1364 1037 1400 orbiculares
1072 1360 1215 1410 passim
1250 1358 1508 1409 emarginatos
1526 1384 1540 1404 ,
1593 1370 1683 1406 quos
1716 1359 1778 1395 vir
1811 1359 1864 1399 ill.
1898 1360 1938 1394 in
1972 1359 2170 1408 superficie
2197 1373 2285 1397 non-

329 1437 515 1474 nullorum
545 1430 684 1467 vidisse
714 1428 901 1472 affirmat,
929 1433 1081 1476 egomet
1107 1424 1260 1472 quidem
1287 1423 1388 1459 haud
1413 1422 1562 1467 inveni,
1597 1421 1664 1458 sed
1690 1423 1780 1459 hinc
1798 1423 1949 1461 illincve
1969 1431 2109 1474 puncta
2128 1413 2286 1462 rotunda

327 1501 512 1547 insculpta
538 1497 577 1531 in
604 1492 803 1541 superficie
832 1491 941 1527 obvia
974 1502 1070 1539 quae
1106 1489 1188 1537 pori
1222 1488 1353 1524 forsan
1379 1486 1419 1523 vi
1445 1485 1597 1534 spiritus
1625 1487 1824 1529 contracti,

333 1719 411 1776 37)
472 1704 888 1763 Echinorhynchus
927 1712 1226 1747 transversus.
1286 1699 1410 1745 Rud.

414 1822 567 1862 Synon.
611 1817 688 1848 Ech.
719 1824 918 1845 transversus.
962 1811 1186 1850 Rudolphi
1215 1811 1354 1852 SynopS.
1388 1821 1419 1850 p.
1436 1812 1488 1852 69·
1509 1819 1580 1851 321.
1611 1822 1662 1842 nr.
1680 1812 1733 1843 νή.

413 1914 602 1945 Charact.
646 1899 815 1940 Proboscis
827 1906 978 1942 linearis,
1001 1906 1200 1936 uncinoruni
1223 1904 1435 1932 mediocrium
1459 1904 1604 1935 seriebus
1627 1905 1747 1943 viginti
1769 1903 1808 1933 ad
1827 1902 1976 1943 triginta,
2000 1903 2123 1935 collum
2145 1902 2285 1941 nullum,

581 1975 699 2004 corpus
723 1965 881 2002 utrinque
910 1962 1103 2000 praesertim
1125 1968 1304 1990 anti-orsum
1327 1967 1536 1991 attenuatum.

414 2061 514 2092 Hah.
558 2058 597 2087 In
626 2056 786 2086 intestinis
807 2053 941 2083 Turdi
964 2053 1131 2092 cyanei,
1176 2050 1388 2091 galactoti
1409 2050 1512 2087 (Mus.
1534 2049 1634 2082 vind.
1658 2049 1792 2087 Nr.3.),
1837 2048 2035 2086 Leucuri,
2076 2050 2286 2088 Merulae,

582 2112 803 2145 saxatilis,
848 2107 992 2139 Sturni
1019 2107 1212 2147 vulgaris
1245 2112 1277 2134 et
1307 2105 1560 2135 Motacillae
1589 2107 1843 2144 stapazinae.

484 2217 724 2264 Descript,
776 2214 1034 2251 Plurimorum
1071 2210 1514 2259 Echinorhynchorum,
1575 2217 1616 2245 ut
1648 2208 1765 2245 Turdi
1800 2210 1939 2258 cyanei
1973 2218 2117 2247 aestate
2151 2215 2286 2260 semel,

334 2295 370 2325 et
392 2284 510 2323 Turdi
536 2280 714 2332 galactoti
747 2279 816 2325 (ab
843 2277 1032 2314 indefesso
1060 2277 1280 2312 Natterer
1317 2275 1456 2311 detecti
1484 2275 1641 2323 Synops.
1668 2284 1802 2322 p,321.
1825 2273 1899 2319 d),
1938 2274 2068 2311 Sturni
2094 2288 2185 2313 vere
2212 2285 2286 2324 ter,

333 2350 546 2388 Motacillae
573 2358 663 2381 vere
692 2351 728 2379 et
755 2350 895 2379 aestate
922 2342 1043 2378 semel
1069 2334 1307 2387 repertorum
1335 2339 1628 2386 descriptionem
1655 2337 1889 2386 Rudolphi
1914 2339 1993 2385 jam
2020 2339 2143 2385 dedit,
2194 2341 2285 2379 hinc

333 2418 458 2463 itaque
487 2413 607 2448 solum
629 2407 746 2444 Turdi
763 2407 931 2442 Merulae
960 2413 1140 2441 autumno
1168 2411 1240 2449 ter,
1268 2404 1409 2452 hyeme
1437 2410 1589 2452 quater,
1626 2402 1793 2438 saxatilis
1820 2415 1911 2438 vere
1937 2405 2078 2449 semel,
2114 2404 2285 2441 Leucuri

335 2481 436 2516 claro
464 2476 508 2512 ab
536 2476 761 2511 Natterer
793 2471 834 2507 in
861 2469 1045 2518 Hispania
1070 2475 1311 2516 repertorum
1338 2467 1633 2515 descriptionem
1660 2466 1880 2515 adjungam,

483 2583 524 2629 a)
575 2577 724 2615 Turdi
757 2577 982 2616 Merulae,
1035 2574 1253 2623 Specimina
1280 2581 1438 2623 quatuor
1464 2573 1510 2610 ad
1536 2587 1601 2609 sex
1628 2573 1747 2609 lineas
1773 2573 1911 2622 longa,
1962 2573 2179 2621 proboscide
2205 2583 2284 2611 tres

336 2655 486 2698 quartas
513 2645 635 2682 lineae
662 2649 787 2690 partes
824 2640 1077 2688 adaequante,
1130 2638 1362 2687 cylindrica,
1414 2628 1520 2686 apice
1547 2637 1767 2683 rotundata,
1817 2637 2045 2674 uncinorum
2071 2639 2282 2675 validorum

335 2713 503 2750 seriebus
530 2707 665 2758 viginti
693 2713 850 2754 quatuor
875 2703 1190 2740 transversalibus
1216 2703 1362 2738 munita
1399 2702 1583 2738 instructa
1609 2709 1714 2746 sunt,
1763 2714 1856 2750 quae
1884 2703 2031 2750 corpori
2059 2703 2283 2751 cylindrico,

337 2785 553 2815 antrorsum
579 2783 715 2821 parum
742 2776 952 2805 retrorsum
979 2767 1104 2817 magis
1131 2774 1321 2804 attenuato
1350 2766 1528 2815 apiceque
1556 2766 1704 2802 caudali
1730 2766 1856 2803 obtuso
1882 2767 2085 2811 instructo,
2137 2767 2282 2816 oblique

337 2840 512 2889 imposita
547 2844 616 2876 est.

490 2945 531 2989 b)
584 2941 730 2979 Turdi
768 2939 1007 2980 saxatilis.
1060 2938 1225 2976 Vermes
1256 2936 1489 2988 longitudine
1522 2938 1684 2987 quinque
1729 2937 1776 2974 ad
1808 2938 1873 2974 se‘x
1904 2937 2022 2974 lineas
2057 2937 2282 2987 adaequant.

339 3008 532 3046 Proboscis
559 3005 790 3055 cylindrica,
833 3004 975 3052 oblique
1004 3003 1151 3051 corpori
1178 3002 1311 3038 eadem
1339 3003 1447 3052 signa
1473 3003 1616 3038 tenenti
1642 3003 1838 3050 imposita,
1875 3009 1911 3037 et
1937 3002 2164 3038 uncinorum
2190 3003 2282 3038 vali-

341 3074 475 3110 dorum
502 3070 669 3108 seriebus
697 3069 854 3106 circiter
881 3068 1038 3117 triginta
1064 3066 1287 3102 densissime
1315 3073 1463 3102 armata
1491 3073 1560 3108 est,
1614 3065 1837 3114 superficies
1865 3065 2024 3101 obsolete
2051 3078 2205 3115 rugosa,

495 3178 536 3223 c)
586 3174 731 3211 Turdi
764 3175 988 3215 Leucuri.
1040 3173 1232 3210 Proboscis
1259 3173 1396 3209 horum
1422 3180 1500 3209 tres
1529 3179 1732 3222 quatuorve
1758 3171 1877 3207 lineas
1903 3172 2121 3221 longorum,
2163 3173 2280 3221 cylin—

343 3244 449 3279 drica
474 3242 514 3276 in
538 3240 642 3287 apice
677 3251 812 3287 parum
845 3239 1007 3274 crassior
1040 3246 1149 3286 atque
1182 3237 1404 3281 rotundata,
1449 3235 1674 3286 uncinorum
1709 3235 1920 3272 validorum
1954 3236 2019 3271 sed
2046 3237 2281 3274 minutorum

345 3306 511 3344 seriebus
538 3303 692 3340 circiter
722 3303 878 3353 triginta
905 3310 1051 3339 armata
1079 3310 1187 3350 atque
1214 3301 1396 3337 instructa
1424 3307 1494 3341 est,
1546 3297 1693 3336 Collum
1722 3300 1879 3339 nullum,
1932 3298 2075 3348 Corpus
2102 3302 2279 3351 cylindri—

347 3382 463 3416 cum>
514 3367 763 3404 transversim
796 3380 1007 3417 rugosum,
1059 3366 1233 3414 utrinque
1266 3365 1583 3406 subattenuatum,
1636 3364 1743 3413 Apex
1769 3363 1936 3401 caudalis
1964 3365 2126 3406 obtusus,
