2520 4031
756 1013 1003 1056 Pars
1101 1014 1586 1061 secunda.

272 1150 872 1219 Animadversiones
936 1152 1003 1215 in
1057 1153 1420 1218 Anatomen
1487 1169 1547 1218 et
1599 1156 2080 1253 physiologiam

815 1250 1528 1341 Iffiflunorhynchorunh

348 1526 480 1562 Finitis
517 1533 625 1573 atque
658 1526 832 1562 absolutis
866 1523 1179 1573 descriptionibus
1213 1525 1451 1576 singularum
1478 1531 1693 1577 specierum
1720 1534 2144 1597 Echinorhynchorum,

199 1603 299 1626 nunc
331 1597 372 1625 ut
406 1602 517 1638 supra
553 1590 681 1625 monui
717 1589 763 1625 ad
799 1588 1146 1625 animadversiones
1179 1590 1219 1626 in
1246 1597 1478 1628 structuram
1506 1601 1543 1629 et
1568 1607 1679 1632 usum
1707 1601 1872 1646 partium
1899 1607 2144 1652 proferendas

199 1654 439 1703 progrediar,
491 1661 530 1689 et
557 1653 741 1701 siquidem
768 1658 959 1689 structura
986 1653 1198 1690 anatomiea
1212 1680 1224 1698 ,
1275 1655 1330 1690 uti
1357 1654 1512 1693 Goeze
1534 1659 1567 1703 ι)
1599 1660 1677 1706 jam
1711 1664 1832 1701 refert
1859 1671 1975 1707 multo
2003 1674 2144 1725 simpli-

200 1717 283 1754 cior
315 1730 429 1765 quam
469 1718 578 1754 ullius
623 1718 715 1753 alius
750 1717 971 1753 helmjnthis
1006 1723 1091 1762 est,
1144 1730 1233 1753 cum
1272 1718 1615 1769 Echinorhynchus
1650 1724 1832 1766 dissectus
1865 1745 1986 1779 pauca
2023 1741 2144 1779 solum

200 1794 343 1832 organa
370 1782 486 1818 oculis
514 1782 648 1817 nostris
674 1781 832 1826 offerat,
886 1788 1015 1817 tamen
1050 1782 1102 1817 ita
1136 1781 1263 1818 omnia
1297 1791 1423 1819 notatu
1454 1784 1567 1835 digna
1601 1789 1698 1825 mihi
1732 1792 1813 1829 visa
1847 1803 1957 1844 atque
1991 1802 2043 1840 ita
2070 1806 2144 1842 sin-

201 1847 348 1896 gularia
374 1853 477 1882 certe
505 1853 609 1890 sunt,
642 1853 682 1880 ut
709 1845 741 1881 si
767 1845 970 1881 character
997 1852 1174 1881 externus
1202 1846 1301 1882 haud
1327 1847 1539 1895 sufficeret,
1573 1852 1912 1905 Echinorhynehos
1940 1876 1960 1900 a
1988 1869 2144 1917 reliquis

199 1911 393 1947 vermibus
419 1909 691 1944 intestinalibus
719 1916 755 1944 et
780 1908 908 1945 liberis
936 1922 1049 1957 quam
1079 1910 1246 1945 maxime
1275 1912 1520 1961 sejungendos
1548 1922 1585 1951 et
1611 1916 1910 1970 distinguendos,
1951 1936 2144 1972 structura

202 1975 348 2010 interna
375 1964 494 2009 solum
531 1986 620 2021 opus
654 1980 779 2018 esset,
834 1972 879 2008 ad
914 1973 1249 2010 demonstrandum
1280 1983 1507 2024 quantopere
1541 1979 1597 2015 illi
1632 1981 1676 2017 ab
1711 1986 1883 2024 omnibus
1919 1993 2144 2036 animaculis

198 2039 320 2074 vitam
342 2038 382 2073 in
410 2037 490 2073 aliis
518 2037 731 2084 corporibus
758 2037 935 2072 animatis
964 2037 1186 2087 degentibus
1213 2046 1300 2075 sunt
1326 2039 1479 2082 diversi,

350 2101 508 2148 Quisque
544 2101 646 2137 enim
680 2101 1023 2150 Echjnorhynchus
1064 2101 1255 2151 inspectus
1296 2104 1416 2151 quoad
1456 2105 1627 2143 habitum
1662 2118 1862 2150 externum
1898 2119 2002 2157 nobis
2038 2124 2146 2164 offert

200 2165 471 2215 proboscidem,
502 2178 633 2212 corpus
658 2166 867 2212 collumque
897 2166 1111 2202 variomodo
1139 2167 1323 2214 formata3
1350 2169 1468 2215 quoad
1489 2177 1723 2210 structuram
1748 2176 1940 2218 internam
1966 2187 2145 2228 ambobus

198 2231 239 2267 in
265 2230 465 2280 generibus
493 2229 705 2276 specierum
734 2241 754 2264 a
780 2242 842 2264 me
876 2229 1127 2267 dissectarum
1162 2231 1307 2279 reperi,
1358 2233 1540 2282 vaginam
1578 2237 1806 2284 proboscidis
1840 2257 1929 2282 cum
1963 2255 2144 2293 musculis

200 2295 378 2343 propriis,
425 2292 627 2329 lemniscos
656 2301 692 2329 et
718 2294 814 2329 retia
841 2307 1017 2330 vasorum
1053 2295 1248 2331 nutritioni
1281 2296 1591 2348 inservientium3
1637 2303 1676 2339 in
1713 2305 1870 2356 singulis
1903 2323 1970 2358 pro
1996 2314 2144 2355 diverso

201 2367 298 2396 statu
333 2370 440 2394 sexus
474 2370 612 2406 organa
647 2358 898 2408 generationis
934 2360 1014 2406 plus
1043 2360 1101 2395 vel
1128 2359 1254 2395 minus
1283 2363 1454 2407 exculta,
1506 2364 1558 2401 ita
1584 2373 1624 2401 ut
1649 2367 1721 2405 hac
1749 2383 1795 2407 ex
1822 2380 2013 2416 structura
2040 2385 2145 2420 omni

200 2423 345 2460 ratione
374 2422 530 2471 analoga
555 2422 758 2469 petendum
785 2422 881 2458 mihi
908 2422 1101 2468 videatur,
1141 2436 1270 2460 omnes
1294 2426 1634 2476 Echinorhynchos
1661 2440 1851 2474 structura
1881 2440 2013 2479 eadem
2042 2446 2144 2485 infra

200 2489 364 2536 prolata,
418 2485 587 2521 minimis
614 2486 1075 2523 tantumrrdiscriminibus
1103 2487 1239 2533 obviis,
1294 2490 1474 2539 gaudere.
1535 2493 1605 2530 His
1641 2491 1686 2531 de
1712 2501 1879 2545 partibus
1907 2505 2062 2556 singulis
2090 2512 2143 2550 ita

201 2553 240 2589 in
266 2549 501 2598 sequentibus
529 2562 652 2586 sermo
679 2551 773 2596 erit,
817 2557 858 2587 ut
882 2551 1049 2599 primum
1077 2559 1331 2600 structuram,
1382 2561 1466 2591 tum
1493 2569 1583 2593 vero
1610 2559 1683 2597 hac
1709 2560 1812 2616 finita
1839 2576 1950 2605 usum
1975 2574 2143 2619 partium

201 2623 382 2665 quantum
409 2626 558 2662 possum
586 2621 774 2656 annotem.

837 2860 1085 2910 Caput
1159 2863 1504 2911 primum0

421 2960 838 3016 Anatome
881 2942 1915 3036 ‘Echinorhynchorum

726 3152 1190 3198 Proboscidis
1246 3163 1613 3203 structura.

354 3238 512 3287 Signum
548 3239 774 3286 primarium
808 3241 1254 3290 Acanthocephalorum,
1307 3252 1348 3281 ut
1381 3246 1460 3292 jam
1496 3259 1516 3282 e
1550 3247 1701 3284 nomine
1734 3249 1806 3284 illis
1835 3248 1974 3286 tributo
1999 3250 2134 3297 elucet,

203 3299 348 3335 tubulus
376 3303 597 3348 (proboscis)
624 3305 782 3351 simplex
808 3306 979 3342 seriatim
1009 3307 1204 3354 echinatus
1233 3308 1409 3347 emissilis
1435 3323 1480 3347 ac
1506 3313 1712 3349 retractilis
1738 3320 1813 3358 est,
1855 3315 1918 3361 qui
1949 3315 2010 3349 vel
2040 3317 2133 3353 collo

290 3465 321 3500 ι)
364 3462 642 3504 Naturgeschichte
670 3469 725 3498 der
753 3469 1145 3510 Eingeweide-Wiirmer
1173 3483 1206 3512 p.
1223 3480 1291 3513 147.
