2520 4031
1083 293 1198 315 h-q
1295 291 1345 328 40
1443 292 1551 311 ι...-

607 399 640 428 p.
659 388 726 426 169.
754 402 802 435 —7-
852 384 1004 416 Haeruca.
1044 381 1073 414 G
1089 392 1120 412 m
1134 393 1152 411 e
1167 382 1182 410 1
1198 382 1209 410 i
1225 392 1247 409 n
1277 380 1360 420 Syst.
1385 378 1459 409 Nat.
1485 389 1518 417 p.
1536 386 1628 419 3050.
1662 388 1713 409 nr.
1732 384 1761 410 1.
1817 378 1841 406 Z
1857 389 1874 407 e
1889 379 1907 408 d
1923 389 1939 407 e
1954 388 1971 406 r
2001 376 2133 407 Nachtr.
2163 385 2195 414 p.
2216 376 2285 407 106.

606 442 830 480 Rudolph’r
859 443 1084 471 vviedemanns
1111 436 1229 468 Archiv
1257 435 1314 465 Bd.
1331 442 1364 468 2.
1392 432 1433 463 St.
1455 443 1480 466 ι.
1514 444 1544 473 p.
1562 443 1614 474 50.
1636 441 1707 472 409.
1753 432 1811 462 Bd.
1828 441 1856 465 2.
1882 433 1921 464 St.
1932 443 1960 465 2.
1985 443 2014 472 p.
2033 434 2083 472 65.

446 523 540 553 Hah.
583 521 623 550 In
653 520 830 552 ventriculo
865 518 998 548 Muris
1027 515 1214 546 musculi.

488 599 548 637 'D
567 599 796 644 escript.
849 593 1011 630 Comes
1045 593 1096 628 de
1131 591 1281 628 Borke
1314 602 1491 626 vermem
1522 589 1623 624 hunc
1657 588 1695 623 in
1727 589 1806 624 loco
1844 585 1999 622 adducto
2032 586 2200 631 detexit,
2255 594 2291 621 et

362 663 539 703 Goezio
576 671 612 698 et
643 661 821 698 Zedero
856 659 898 694 ob
932 657 1159 706 proboscidis
1193 655 1394 692 retractilis
1434 653 1626 689 defectum
1664 651 1803 699 proprii
1839 650 1990 701 generis
2020 651 2181 687 videtur⁴
2234 650 2291 691 Ill,

361 727 600 774 Rudolphi
635 723 922 771 descriptionem
956 721 1163 758 secundum
1190 721 1339 756 iconem
1370 717 1553 766 perfecit3
1606 728 1694 753 cum
1728 728 1818 750 vero
1845 727 1955 750 nemo
1982 722 2107 761 postea
2133 714 2293 750 helmin-

362 793 468 828 them
495 792 535 826 in
562 789 771 824 animaculo
797 786 1056 836 vulgatissimo
1083 785 1332 832 hospitantem
1361 782 1570 818 observavit
1587 809 1594 822 ‚
1650 779 1815 828 quaestio
1841 786 1882 814 ut
1904 778 2000 814 mihi
2026 777 2173 814 videtur
2199 780 2296 825 justa

364 857 547 897 exoritur,
598 865 690 887 num
723 852 866 887 vermis
896 850 1102 886 Borkianus
1130 861 1171 884 re
1197 860 1290 883 vera
1315 846 1430 881 fuerit
1455 846 1637 890 helmins,
1684 856 1730 880 an
1756 843 1874 891 potius
1900 842 2034 878 insecti
2067 843 2193 889 larva,
2230 835 2296 878 'vel

367 920 439 956 alia
465 929 523 954 res
550 915 821 965 semidigesta‘z
1616 912 1619 916 ’

352 1056 444 1109 »70)
503 1047 916 1106 Echinorhynchus
949 1046 1165 1089 Haliae'ti.

531 1136 756 1174 Rudolphi
785 1134 928 1175 Synops.
952 1143 985 1171 p.
1003 1133 1055 1172 76.
1078 1143 1126 1163 nr.
1147 1140 1197 1171 57.

448 1214 548 1246 Hah.
594 1215 632 1244 In
661 1213 818 1243 intestinis
850 1212 1050 1241 Falconis
1080 1209 1292 1240 Haliae'ti.

519 1295 554 1330 D
571 1306 590 1328 e
608 1305 623 1328 s
642 1305 662 1328 c
680 1305 700 1326 r
716 1291 728 1326 i
744 1297 809 1338 pt.
862 1289 1016 1327 Vermis
1051 1295 1230 1324 autumno
1260 1286 1379 1322 semel
1414 1291 1603 1331 repertus,
1657 1284 1816 1331 quinque
1843 1284 1961 1320 lineas
1987 1285 2138 1334 longus,
2185 1289 2303 1328 teres,

369 1371 550 1408 rugosus,
596 1356 637 1391 ob
665 1354 924 1403 proboscidem
952 1354 1072 1399 aliqua
1100 1359 1202 1399 parte
1231 1356 1438 1386 retractam
1465 1347 1672 1383 dificillime
1709 1346 1977 1396 distiguendus.
2039 1349 2129 1384 Pars
2155 1350 2304 1383 exserta

369 1422 598 1472 cylindrica‚
632 1425 806 1454 truncata
832 1418 1002 1462 videtur,
1038 1424 1074 1452 et
1108 1428 1195 1452 cum
1225 1415 1348 1450 antica
1375 1411 1539 1458 corporis
1573 1423 1659 1458 pars
1693 1412 1874 1458 posticam
1902 1411 2073 1453 crassitie
2103 1410 2303 1455 antecedit,

368 1487 496 1524 forsan
522 1485 618 1524 Eeh.
645 1482 802 1519 caudato
830 1479 1131 1518 adnumerandus
1159 1487 1228 1521 est,
2154 1468 2155 1471 ’

367 1536 370 1537 ⁷
846 1534 853 1547 Δ

370 1625 451 1678 71)
512 1618 925 1676 Echinorhynchus
969 1613 1213 1659 Alcedinis.
1274 1627 1319 1654 n.
1353 1625 1420 1668 sp.

444 1708 554 1738 Hah.
599 1707 638 1735 In
670 1707 833 1736 intestinis
863 1703 1092 1733 Alcedinis
1128 1699 1346 1735 Galbulae.

522 1786 558 1821 D
577 1798 595 1820 e
614 1784 812 1831 script.
880 1780 939 1822 Cl,
981 1782 1238 1822 Natterer‚
1290 1773 1498 1828 specimina
1532 1772 1602 1808 (luo
1635 1774 1675 1808 in
1708 1773 1867 1809 Brasilia
1900 1779 2049 1820 reperta
2084 1772 2310 1815 transmisit,

373 1862 531 1898 quorum
561 1848 748 1895 proboscis
784 1859 874 1882 vero
906 1846 945 1881 in
980 1846 1053 1880 ullo
1088 1842 1187 1879 haud
1221 1847 1298 1876 tota
1326 1845 1473 1875 exserta
1502 1844 1568 1877 est,
1625 1834 1772 1873 Collum
1806 1838 1949 1873 nuilum
1985 1836 2119 1881 adest,
2177 1849 2310 1883 corpus

374 1913 650 1962 cylindricum7
704 1911 808 1959 apice
840 1909 989 1947 caudali
1015 1914 1203 1944 attenuato
1232 1906 1358 1940 obtuso
1384 1903 1626 1941 instructum,

374 2052 455 2106 72)
515 2043 930 2102 Echinorhynchus
963 2040 1272 2098 Dendrocopi.
1332 2053 1376 2080 n.
1410 2051 1477 2094 sp.

459 2133 557 2163 Hab.
602 2132 640 2161 In
670 2133 832 2163 intestinis
864 2130 1133 2167 Dendrocopi
1165 2125 1391 2157 albicollis
1423 2122 1618 2170 vieil‘lot.

528 2211 727 2247 Nonnullos
760 2222 912 2246 vermes
946 2211 976 2244 N
987 2215 1191 2244 attterer
1227 2205 1292 2241 sub
1329 2201 1480 2239 nomine
1517 2196 1829 2246 Echinorhynchi
1865 2197 1974 2245 hujus
2015 2212 2060 2234 ex
2101 2199 2181 2235 avis
2219 2199 2314 2235 inte-

368 2277 484 2314 ·stinis
510 2276 745 2318 transmisit,
798 2275 860 2321 qui
894 2281 1020 2309 autem
1055 2273 1191 2307 itinere
1226 2270 1277 2305 ita
1315 2265 1480 2313 corrupti
1515 2270 1621 2308 sunt,
1673 2269 1714 2297 ut
1748 2261 1799 2297 nil
1835 2262 1929 2298 certi
1957 2261 2001 2297 de
2038 2275 2168 2298 eorum
2197 2262 2314 2313 signis

378 2340 581 2377 dicendum
609 2340 669 2378 sit.
723 2337 897 2386 Corporis
928 2337 1051 2373 forma
1078 2343 1177 2371 teres
1205 2331 1415 2382 cylindrica
1448 2329 1550 2374 fere,
1595 2326 1768 2373 utrinque
1795 2338 1930 2373 parum
1957 2333 2168 2371 attenuata,
2222 2338 2314 2374 apex

379 2405 545 2443 caudalis
582 2403 744 2443 obtusus,
812 2400 960 2438 Collum
995 2402 1138 2436 nullum
1174 2398 1301 2434 adesse
1338 2395 1558 2431 videtur·et
1592 2389 1818 2439 proboscidis
1851 2403 1937 2438 pars
1975 2398 2161 2437 superstes
2196 2391 2313 2438 cylin-

379 2469 505 2514 drica,
559 2475 667 2515 atque
693 2467 840 2504 uncinis
867 2465 1041 2501 brevibus
1069 2464 1158 2500 satis
1185 2461 1341 2497 fortibus
1369 2465 1516 2495 armata
1544 2463 1612 2497 est,

380 2604 456 2661 73)
516 2601 928 2659 Echinorhynchus
971 2599 1137 2644 Orioli.

465 2687 617 2728 Synon.
663 2688 722 2717 Ru
735 2688 884 2727 dolphi
911 2687 1050 2728 Synops.
1072 2697 1104 2724 p.
1119 2687 1192 2723 673.
1223 2695 1274 2713 nr.
1291 2690 1342 2723 59.

465 2764 566 2795 Hab.
611 2765 651 2793 In
680 2766 840 2795 intestinis
873 2765 1013 2794 Otioli
1042 2763 1255 2793 cristati..

533 2843 750 2890 specimina
784 2843 824 2878 in
850 2843 1007 2878 Brasilia
1040 2847 1210 2888 reperta,
1262 2849 1327 2873 sex
1362 2848 1477 2884 usque
1511 2833 1708 2870 duodecim
1744 2832 1864 2868 lineas
1895 2832 2024 2880 longa,
2076 2828 2203 2864 omnia
2234 2840 2314 2874 pro-

384 2905 576 2941 boscidem
603 2914 640 2942 et
667 2907 835 2942 anticam
863 2906 1026 2954 corporis
1052 2911 1220 2952 partem,
1263 2909 1304 2936 ut
1330 2900 1497 2944 videtur,
1542 2904 1750 2934 retractam
1777 2896 1933 2939 habent,
1978 2904 2050 2940 qua
2077 2904 2122 2928 ex
2148 2905 2189 2927 re
2217 2892 2315 2928 haud

386 2967 659 3018 dignoscenda,
711 2970 806 3017 quod
828 2969 931 3005 idem
958 2971 1057 3005 valet
1091 2968 1135 3003 de
1170 2972 1344 3013 sequente
1371 2962 1706 3011 Echinorhynclw.

389 3106 467 3161 ¹74)
528 3103 940 3160 Echinorhynchus
981 3105 1230 3160 Tanagrae.

555 3190 642 3220 Rud
655 3190 773 3227 olphi
802 3190 941 3230 Synops.
971 3199 1000 3227 p.
1019 3192 1086 3228 673.
1120 3200 1167 3218 nr.
1181 3188 1232 3217 61.

472 3268 569 3298 Hah.
613 3268 651 3297 In
685 3269 846 3298 intestinis
876 3268 1085 3306 Tanagrae
1130 3275 1176 3303 sp.
1202 3276 1236 3296 n.

542 3346 818 3394 Longitudine‚
878 3357 1029 3380 vermes
1065 3357 1086 3378 a
1121 3345 1169 3384 cl,
1206 3341 1251 3376 de
1286 3340 1442 3376 Olfers
1474 3339 1645 3385 repeiti,
1699 3334 1914 3384 quindecim
1946 3333 2064 3367 lineas
2097 3332 2315 3371 metiuntur,

395 3409 540 3446 Collum
567 3411 680 3445 breve
706 3411 822 3444 latum
851 3408 1025 3445 conicum
1035 3434 1047 3452 ,
1099 3418 1230 3453 corpus
1264 3404 1542 3453 cylindricum,
1596 3408 1809 3439 antrorsum
1840 3406 1876 3434 et
1902 3408 2032 3433 versus
2057 3396 2205 3442 apicem
2232 3407 2317 3430 cau—

395 3474 517 3510 dalem
545 3474 715 3509 obtusum
743 3473 917 3509 crassius.
