2520 4031
199 393 255 429 sic
280 393 358 438 jam
385 391 505 426 bullae
533 387 750 435 sphaericae
778 387 1091 436 Echiuorhynchi-
1116 386 1274 424 filicollis
1308 386 1570 435 (polymorphi
1602 390 1757 436 senilis)
1787 392 1942 429 vascula
1977 392 2136 441 undique

197 442 299 492 inter
325 467 365 490 se
391 453 707 490 anastomosantia
740 451 975 499 tribuebant3
1027 452 1087 488 sic=
1116 452 1176 488 vir
1210 451 1257 491 cl.
1286 450 1606 499 Echinorl'lyncho
1641 455 1833 490 vasculoso
1874 457 1959 504 ipso.
1984 456 2056 494 hoo
2093 457 2137 494 ab

196 519 269 554 reti
298 531 433 554 nomen
464 518 616 553 triviale
639 516 814 563 imposuit
825 530 903 562 ;·-—
930 515 995 551 sod
1022 517 1215 552 clarorum
1240 514 1411 552 virorum
1438 528 1531 563 pace
1558 515 1643 561 fiat,
1672 515 1704 550 si
1729 514 1779 550 de
1801 517 1879 554 hac,
1901 506 2138 562 eorumsen-

195 584 314 619 tentia
340 582 520 620 dubitem.
574 581 718 617 Verum
747 579 896 626 quidem
923 580 961 615 in
989 586 1073 614 oute
1103 586 1278 623 externa,
1331 579 1408 614 luci
1434 579 1674 626 microscopii
1702 578 1908 626 subposita,
1959 596 2138 625 vasorum

197 647 480 683 immitamenta
506 647 544 681 in
572 652 817 692 conspectum
842 642 1011 691 prodire,
1064 655 1157 689 quae
1190 655 1231 677 re
1265 655 1355 678 vera
1389 655 1480 679 vasa
1508 656 1588 679 esse
1615 650 1799 692 possunt,
1847 643 1880 678 si
1915 648 2134 683 membrana

196 711 359 749 secunda
397 722 550 747 mucosa
582 710 620 744 in
654 722 724 755 qua
757 715 796 743 ut
830 719 916 742 mox
944 706 1081 742 docebo
1108 719 1199 742 vasa
1234 705 1368 742 adsunt
1402 706 1615 753 superficiei
1648 707 1822 744 internae
1851 707 1979 745 adhue·
2004 710 2138 749 adilae-

195 782 276 820 ret,
321 776 392 811 hae
421 780 546 810 autem
580 773 696 807 soluta
722 783 899 807 vasorum
927 771 1210 806 immitamenta
1236 783 1345 817 porro
1380 770 1593 817 praesentia
1635 784 1749 820 rugas
1782 773 1838 807 rel
1872 771 2139 819 impressiones

197 840 292 876 cutis
327 840 442 887 ipsius
477 836 622 880 habeo,
677 842 713 870 et
748 842 896 871 memet
928 834 1051 882 ipsum
1086 833 1186 870 haud
1221 833 1403 869 fefellisse
1445 847 1489 869 ex
1524 835 1769 882 ,sequentibus
1810 835 1963 883 patebit.
2032 834 2140 872 Cutis

197 905 300 940 enim
329 909 483 938 externa
510 899 605 938 Ech.
634 898 831 948 Gigantis‚
875 898 1159 943 macraeanthi,
1206 898 1377 941 fasciati,
1427 888 1580 944 majoris
1608 906 1646 934 et
1670 898 1901 945 reliquorum
1935 900 2045 942 lentis
2073 913 2140 949 ope

197 966 478 1017 elegantissime
505 963 705 1000 reticulata
732 963 983 1011 conspicitur,
1037 970 1121 998 cute
1159 970 1287 998 autem
1322 975 1506 1010 expansa,
1559 963 1718 999 reticula
1751 962 1971 1010 plerumque
2005 977 2140 1007 evane-

195 1038 305 1068 scunt
338 1037 377 1065 et
409 1028 570 1074 undique
605 1040 719 1074 aeque
755 1034 945 1063 exstructa
979 1027 1075 1063 cutis
1103 1026 1352 1073 conspicitur,
1395 1026 1489 1073 quod
1517 1039 1598 1062 esse
1626 1040 1698 1062 non
1722 1034 1869 1075 posset,
1910 1027 1942 1065 si
1969 1028 2013 1065 ab
2039 1030 2139 1066 vasis

192 1101 423 1144 per-reptata,
479 1090 655 1139 Corporis
681 1099 815 1128 trunco
840 1091 1043 1140 indagato,
1098 1091 1316 1138 plerumque
1352 1097 1389 1125 et
1421 1090 1461 1125 in
1496 1090 1569 1125 illis
1606 1091 1719 1137 locis,
1759 1090 1834 1130 ubi
1866 1091 1906 1131 in
1932 1099 2027 1132 flente,
2049 1106 2139 1136 vasa

196 1160 324 1202 obvia,
351 1158 464 1193 fibras
491 1157 726 1192 musculares
754 1163 904 1192 exstare
929 1154 1086 1198 offendi,
1113 1154 1167 1189 ita
1194 1161 1236 1188 ut
1263 1166 1308 1188 ex
1334 1153 1392 1188 his
1419 1153 1545 1189 forsan
1570 1160 1877 1193 ortusvasorum,
1900 1155 2141 1203 explicandus

195 1223 257 1264 sit,
317 1222 523 1269 Praecipue.
555 1228 683 1257 autem
715 1226 819 1254 recte
855 1232 918 1254 me
955 1218 1171 1254 observasse
1210 1230 1257 1253 ex
1297 1223 1394 1252 statu
1431 1218 1697 1253 nonnullorum
1730 1217 2140 1267 Echinorhynchoruni

194 1286 399 1336 petendum
430 1285 603 1331 viderur,
658 1295 816 1331 quorum
850 1283 946 1318 cutis
980 1281 1235 1318 maceratione
1257 1280 1390 1316 ‘soluta
1425 1281 1612 1327 reliquum
1647 1294 1780 1329 corpus
1815 1283 2142 1331 emphysematice

192 1351 402 1401 cingebat,
453 1349 583 1396 quibus
616 1348 789 1384 dissectis
822 1358 868 1381 ao
898 1344 974 1380 luci
1008 1343 1118 1380 lentis
1153 1343 1326 1391 appositis
1359 1344 1481 1380 ullum-
1515 1345 1614 1380 vasis
1648 1345 1854 1394 Vestigium
1882 1348 2143 1395 conspicuum.

195 1415 261 1452 Sic
290 1410 406 1450 etiani
431 1414 471 1449 in
498 1412 692 1458 cujusdam
719 1408 1034 1457 Echinorhynchi
1060 1407 1328 1444 moniliformis
1356 1415 1461 1455 parte
1496 1409 1639 1456 postica
1674 1411 1795 1449 solum
1830 1411 1901 1447 hac
1939 1424 1985 1447 ex
2021 1426 2144 1455 mem-

195 1479 313 1515 brana
340 1477 539 1513 constituta
572 1475 672 1511 nulla
697 1486 788 1510 vasa
815 1472 974 1518 offendi,
1021 1485 1114 1519 quae
1148 1472 1188 1508 in
1222 1472 1431 1518 anteriore,
1483 1474 1546 1508 cui
1570 1473 1686 1510 fibrae
1715 1476 1955 1516 musculares,
1976 1477 2143 1524 subjace->

196 1543 307 1588 bant,
345 1541 453 1576 obvia
479 1547 600 1579 erant,
660 1539 767 1573 Haec
795 1537 924 1573 omnia
950 1537 1083 1572 collata
1110 1536 1237 1573 forsan
1262 1536 1455 1574 sufficiunt
1481 1537 1528 1573 ad
1544 1537 1892 1577 demonstrandum
1918 1540 1997 1579 cuti
2025 1549 2145 1581 exter-

195 1619 266 1643 nae
292 1618 382 1641 vasa
411 1604 570 1639 omnino>
590 1601 809 1652 deneganda
837 1613 933 1641 esse.

347 1671 502 1704 Praeter
536 1680 625 1703 vasa
659 1667 753 1702 haec
790 1666 884 1702 clari
917 1666 991 1701 viri
1025 1680 1158 1714 poros
1192 1668 1231 1704 in
1265 1675 1351 1704 cute
1387 1668 1604 1704 observasse
1637 1670 1819 1714 tradunt,
1872 1682 1960 1717 quos
1996 1670 2143 1706 hiantes

198 1742 350 1785 egomet
376 1732 527 1780 quidem
554 1732 594 1767 in
619 1732 717 1766 nullo
744 1730 1250 1780 Echinorhynchoreperii,
1284 1745 1440 1779 quorum
1468 1733 1724 1786 praesentiam
1752 1741 1879 1769 autem
1908 1734 2006 1768 nullo
2035 1734 2144 1768 modo

199 1812 323 1849 nego,
378 1810 466 1833 cum
507 1795 782 1831 observationes
817 1807 862 1830 ac
897 1795 1156 1842 'experimenta
1198 1794 1354 1832 Goeze
1388 1798 1453 1843 1),
1516 1787 1739 1834 Treu'tlor
1772 1800 1836 1844 2),
1895 1796 2053 1834 Zeder
2088 1802 2142 1842 3),

197 1861 434 1909 Rudolphi
452 1862 512 1906 4),
546 1859 886 1906 Echinorhynchos
913 1872 1049 1907 nempe
1077 1860 1252 1896 flaccidos
1281 1862 1648 1908 aquae¹immers0s‚
1689 1861 1908 1910 proboscide
1934 1863 1995 1897 vel
2022 1862 2145 1910 aliqua

197 1925 364 1973 corporis
401 1931 507 1973 parte
541 1924 704 1973 ligatura
737 1923 782 1958 ab
817 1923 960 1971 reliqua
995 1925 1166 1971 sejuncta
1201 1925 1367 1973 turgidos
1398 1926 1522 1961 'factos
1557 1938 1661 1972 esse,
1715 1938 1811 1973 quae
1837 1926 2096 1974 experimenta
2123 1940 2146 1963 a

197 2003 261 2026 me
297 1988 428 2025 eodem
463 2000 639 2025 successu
672 1994 757 2023 sunt
783 1987 971 2035 repetita,
1024 2001 1089 2036 pro
1121 1989 1334 2036 praesentia
1369 2002 1546 2037 pororum
1581 2003 1694 2037 quam
1728 1990 1938 2026 fortissime
1966 1990 2145 2035 militant,

195 2055 498 2100 sententiamque
538 2051 716 2088 Zederi
752 2051 785 2096 ς)
804 2077 817 2096 ,
876 2052 937 2099 qui
971 2064 1078 2099 poros
1112 2052 1204 2091 duas
1239 2053 1357 2089 series
1391 2054 1678 2103 longitudinales
1712 2053 1882 2089 formare
1918 2054 2145 2100 observavit,

199 2131 329 2155 meam
356 2118 486 2154 facere
511 2116 620 2152 valde
646 2118 870 2165 propinquus
898 2129 997 2155 sum.
1057 2116 1184 2162 Quoad
1211 2117 1375 2166 figuram
1410 2120 1458 2157 cl.
1485 2118 1719 2166 Rudolphi
1749 2119 1814 2165 ⁶),
1869 2118 1950 2154 illos
1983 2130 2145 2168 magnos

200 2184 434 2220 orbiculares
459 2181 599 2230 passim
621 2182 855 2231 marginatos
879 2181 919 2216 in
948 2181 1269 2230 Echinorhyncho
1296 2182 1431 2231 gracili
1458 2182 1685 2223 observavit.

351 2258 455 2293 Inter
488 2256 588 2292 hanc
615 2263 652 2291 et
676 2255 831 2291 tertiam
856 2256 916 2290 vel
949 2255 1115 2302 primam
1148 2257 1422 2293 muscularium
1457 2258 1769 2293 membranarum
1803 2259 1842 2294 in
1875 2258 2050 2294 omnibus
2075 2259 2145 2294 im-

198 2323 333 2371 primis
359 2334 450 2356 vero
477 2320 516 2356 in
543 2320 746 2367 majoribus
764 2319 1109 2368 Echinorhynchis,
1138 2327 1178 2356 ut
1198 2320 1377 2371 Gigante‚
1414 2323 1573 2368 majore,
1603 2323 1780 2358 Haeruca
1796 2329 1871 2362 etc.
1897 2324 2147 2359 vasculosa

199 2387 362 2422 tunica
389 2384 507 2430 adest,
541 2396 634 2432 quae
661 2383 846 2432 siquidem
872 2383 912 2419 in
938 2384 996 2420 his
1024 2386 1144 2420 solum
1172 2375 1551 2433 optimeconspicua,
1580 2394 1709 2423 tamen
1736 2387 1908 2423 omnibus
1935 2387 2146 2433 tribuenda,

201 2463 292 2487 cum
325 2450 389 2485 illa
422 2448 469 2484 ad
507 2449 752 2485 nutritionem
784 2447 977 2484 vermibus
1018 2449 1076 2485 his
1114 2457 1305 2498 tantopere
1343 2463 1431 2497 opus
1466 2451 1524 2486 sit.
1599 2451 1862 2487 Membranam
1898 2451 1995 2488 hanc
2030 2451 2148 2498 quoad

202 2521 435 2550 structuram
466 2525 684 2559 mucosam,
737 2512 855 2560 quoad
879 2513 1043 2548 colorem
1070 2514 1108 2549 in
1135 2514 1308 2561 plurimis
1333 2513 1603 2550 flavescentem
1629 2517 1664 2561 7)
1698 2517 1758 2551 vel
1791 2516 1908 2551 etiam
1929 2515 2070 2551 'albam
2096 2517 2146 2560 8),

202 2584 421 2627 per-reptant
445 2577 638 2626 myriades
664 2589 840 2613 vasorum
857 2604 870 2622 ,
923 2590 1082 2624 quorum
1115 2579 1216 2614 rami
1249 2578 1473 2626 principales
1509 2592 1554 2615 ex
1587 2580 1661 2615 reti
1689 2581 1724 2626 9)
1760 2587 1919 2626 utroque
1949 2579 1991 2616 in
2026 2580 2146 2615 latere

201 2641 524 2691 longitudinaliter
558 2641 730 2689 disposito
762 2654 805 2678 ac
839 2653 971 2677 verme
1005 2641 1164 2678 dissecto
1198 2642 1238 2678 in
1278 2643 1428 2679 interna
1464 2643 1563 2680 facie
1604 2644 1658 2680 ita
1693 2644 1920 2692 conspicuo,
1972 2651 2014 2678 ut
2047 2644 2147 2679 inter

200 2706 315 2742 fibras
342 2706 577 2741 musculares
602 2705 887 2755 longitudinales
915 2713 952 2742 et
978 2705 1183 2743 circulares
1210 2699 1457 2744 intertextum
1484 2708 1551 2753 sit,
1586 2715 1759 2744 exortum
1786 2708 1940 2750 ducunt,
1991 2708 2142 2745 Renum

295 2873 326 2908 ι)
369 2869 503 2910 Naturg.
534 2880 567 2909 p.
587 2871 657 2909 146.

292 2951 328 2986 α)
370 2947 534 2988 Quaedam
563 2949 602 2979 de
631 2937 979 2990 Echinorhyncliorum
1006 2957 1159 2984 structura
1187 2961 1220 2991 p.
1240 2947 1283 2984 X·

291 3029 324 3064 3)
367 3026 504 3068 Naturg.
536 3037 570 3065 p,
590 3036 659 3067 143.

292 3108 324 3143 4)
369 3106 542 3138 Entozool.
573 3105 650 3137 Vol.
666 3106 690 3136 Ι.
723 3118 755 3146 p.
772 3114 846 3149 2530·

294 3185 325 3220 5)
369 3183 531 3225 Nachtrag
559 3194 591 3222 p.
611 3192 682 3218 120.

294 3263 325 3298 6)
369 3261 506 3302 Synops.
536 3271 570 3300 p.
587 3272 658 3302 3¹9.

291 3342 326 3377 7)
367 3338 452 3370 Tab.
469 3339 512 3370 II.
540 3340 593 3381 fig.
608 3350 656 3371 10.
687 3341 819 3372 exhibet
850 3351 973 3381 partem
1003 3344 1130 3373 tunicae
1160 3344 1314 3374 secundae
1337 3345 1412 3375 Eeh.
1436 3316 1593 3385 Gigantls.

294 3420 324 3454 g)
367 3417 448 3447 Tab.
467 3417 528 3449 111.
555 3418 606 3459 fig.
624 3428 675 3450 21.
706 3430 778 3458 pars
810 3422 933 3451 tunicae
967 3421 1042 3454 Eeh.
1067 3421 1242 3453 Haerueae.
1368 3448 1371 3453 ,
1416 3445 1418 3447 >
1526 3443 1531 3457 s

294 3497 325 3532 9)
367 3494 449 3526 Tab.
468 3495 511 3527 II.
544 3496 597 3537 fig.
618 3502 646 3532 8.
678 3505 742 3528 rete
772 3498 1033 3539 Echinorhynchi
1064 3498 1225 3539 Gigantis.
