2520 4031
939 295 1052 323 -ι-ε
1149 294 1193 326 21
1296 299 1406 322 η--ι

212 347 286 448 58)
345 382 757 445 Echinorhynchus
790 378 1142 429 micracanthus.
1202 383 1328 430 Rud.

291 480 443 523 synon:
483 482 560 515 Ech.
590 480 819 514 micracamhus.
871 478 1088 521 Rudolphi
1119 480 1256 522 Synops.
1290 492 1323 522 p.
1341 481 1392 522 69.
1417 492 1489 523 322·
1525 492 1576 516 nr.
1591 490 1645 524 270·
1668 501 1712 508 —
1778 491 1853 523 Ech.
1875 491 2035 534 Alaudae„
2063 495 2144 527 ibid·

457 547 492 577 1>-
510 547 563 579 77‘
602 549 651 571 nr·
669 538 720 576 ⁶3·
1054 546 1057 549 ·
1597 547 1600 550 '
1687 548 1689 550 ·
1899 542 1901 544 ’

290 627 474 663 charact,
523 627 690 658 Proboscis
732 628 970 667 subcylindrixa
987 649 995 660 ,
1041 629 1247 654 ἰιιιυίιιυιιιιιι
1284 629 1583 669 minutissimorum
1613 633 1757 663 seriebus
1793 636 1942 674 plurimis
1959 661 1969 677 ,
2022 643 2145 674 collum

456 684 605 719 nullum,
648 692 766 719 corpus
796 680 1013 720 cylindricum
1041 686 1221 710 antron-sum
1250 683 1396 713 crassius.

287 775 385 807 Hah,
436 777 476 805 In
516 773 765 802 Motacillae
800 772 1029 813 Becafigue
1071 773 1195 808 dictae,
1253 774 1554 813 atrieapillae,
1613 779 1824 818 uisci-iae,
1865 779 2142 829 'o-enanthes,

453 829 611 859 Loxiae
635 826 998 863 Coccothraustis,
1022 827 1263 869 Fringillae
1285 829 1488 868 caelebisj
1520 823 1704 864 Alaudae
1727 846 1977 879 nemorosae,
2008 850 2143 876 arven-

452 885 508 914 sis
539 891 569 913 et
603 883 801 915 trivialis
836 883 1014 913 intestinis.

351 981 590 1028 Descript,
631 980 851 1029 Specimina
877 993 900 1017 a
925 982 1027 1018 claro
1043 981 1272 1031 Rudolphi
1298 985 1337 1020 in
1354 985 1565 1023 Motacillae
1587 989 1787 1040 Becafigue
1813 991 1937 1030 dictae
1958 996 2142 1037 intestinis

202 1048 370 1096 Augusto
397 1057 529 1082 mense
551 1053 724 1093 reperta,
777 1045 965 1094 inspicere
1000 1046 1096 1082 mihi
1122 1046 1221 1083 haud
1243 1047 1320 1084 fuit
1346 1061 1591 1098 concessum,
1646 1066 1691 1090 ex
1717 1055 1872 1104 reliquis
1898 1058 2025 1099 avibus
2051 1075 2140 1102 vero

201 1110 298 1148 mihi
331 1110 460 1154 obvia,
514 1108 608 1145 haec
643 1109 803 1145 offerunt
829 1109 952 1158 signa.

350 1174 389 1218 a)
443 1173 718 1209 Motacillae
755 1173 1083 1221 atricapillae.
1143 1174 1245 1211 Vere
1280 1181 1340 1211 ter
1366 1184 1539 1225 reperta,
1588 1192 1655 1216 sex
1684 1181 1731 1216 ad
1765 1190 1847 1219 octo
1873 1184 1996 1224 lineas
2016 1190 2168 1242 lon‘ga‚z‚

199 1237 417 1287 proboscide
451 1250 540 1273 mox
566 1238 672 1285 apice
701 1243 925 1286 angustata,
976 1250 1065 1273 mox
1098 1238 1309 1285 cylindrica
1344 1241 1506 1290 exigua,
1543 1245 1779 1293 -corporique
1815 1248 1896 1294 plus
1921 1253 1982 1287 vel
2018 1255 2141 1293 minus

201 1302 344 1350 oblique
380 1301 574 1348 imposita,
630 1307 666 1335 et
699 1301 925 1336 uncinorum
960 1300 1182 1336 densissime
1212 1302 1281 1336 sibi
1309 1304 1560 1351 appositorum
1587 1314 1624 1342 et
1650 1309 1995 1352 minutissimorum
2022 1319 2140 1365 (unde

199 1370 357 1409 nomen)
393 1364 559 1401 seriebus
596 1364 750 1400 circiter
783 1365 940 1413 triginta
976 1365 1290 1402 transversalibus
1325 1376 1498 1416 armata5
1552 1371 1644 1408 collo
1671 1374 1795 1421 nullo5
1848 1389 2002 1426 corpore
2030 1385 2142 1421 tereti

200 1437 416 1466 antrorsum
442 1440 578 1476 parum
606 1429 808 1473 crassiore,
862 1433 1072 1462 retrorsum
1100 1430 1267 1477 aequali,
1321 1432 1498 1481 apiceque
1526 1434 1652 1471 obtuso
1679 1437 1864 1476 instructa
1891 1451 1989 1484 sunt,

347 1492 388 1538 b)
439 1492 714 1528 Motaoillae
748 1490 972 1529 nisoriae.
1024 1491 1108 1526 Duo
1135 1499 1284 1529 tantum
1312 1495 1521 1542 specimina
1548 1493 1690 1535 aestate
1718 1511 1868 1550 reperta
1895 1507 1991 1543 mihi
2019 1510 2138 1558 obvia,

199 1568 358 1605 quorum
392 1554 580 1603 proboscis
597 1560 631 1600 ,'
661 1554 701 1590 in
726 1567 800 1590 uno
828 1553 933 1601 apice
967 1562 1166 1604 angustata
1183 1583 1195 1601 ‚
1247 1558 1285 1593 in
1313 1559 1430 1594 altero
1456 1573 1592 1608 parum
1618 1564 1830 1603 incrassata
1860 1576 1897 1604 et
1923 1573 2135 1621 rotundam,

198 1629 414 1657 transversa
441 1618 588 1666 corpori
613 1617 786 1665 imposita
804 1644 815 1662 ,
872 1630 916 1654 ac
951 1619 1191 1656 uncinorumv
1212 1622 1555 1662 minutissimorum
1590 1627 1757 1665 seriebus
1789 1631 1963 1677 plurimis
1991 1638 2138 1674 munita

199 1693 270 1725 est,
322 1684 480 1720 Habitus
507 1681 672 1729 corporis
699 1682 870 1718 omnibus
897 1682 936 1718 in
962 1684 1079 1733 signis
1107 1683 1291 1732 prioribus
1321 1688 1504 1735 aequalis,
1559 1690 1654 1738 quod
1681 1692 1784 1728 idem
1812 1697 1912 1732 valet
1939 1697 1985 1734 de

351 1749 391 1793 c)
419 1746 723 1782 ¹Motacillae
758 1745 1050 1792 oenanthes,
1096 1748 1417 1798 Echinorhyncho
1445 1765 1535 1789 vere
1562 1757 1682 1791 semel
1708 1766 1877 1805 reperto,
1921 1768 1959 1797 et

349 1811 393 1857 d)
444 1810 706 1860 Fringillae
734 1810 943 1846 caelebis
961 1837 973 1855 ,
1027 1812 1089 1860 qui
1115 1825 1205 1849 vere
1234 1815 1382 1860 novies,
1429 1825 1607 1854 autumno
1635 1827 1672 1855 et
1698 1820 1838 1869 hyeme
1865 1827 1986 1862 semel
2012 1815 2132 1866 lectus

197 1884 268 1916 est,
319 1877 588 1911 Nonnullorum
613 1886 707 1911 vero,
729 1874 916 1921 proboscis
943 1874 995 1910 ita
1021 1875 1060 1912 in
1082 1877 1186 1923 apice
1214 1886 1410 1927 angustata
1438 1888 1513 1927 est,
1556 1890 1596 1918 ut
1623 1884 1742 1931 aptius
1770 1888 1902 1924 conica
1929 1889 2134 1940 diceretur,

199 1941 359 1976 aliorum
385 1952 476 1974 vero
501 1945 577 1974 tota
604 1950 720 1986 aeque
750 1937 983 1985 cylindrica,
1022 1946 1059 1975 et
1084 1952 1173 1976 mox
1199 1943 1346 1990 corpori
1374 1951 1480 1980 recta
1508 1958 1597 1981 mox
1623 1947 1768 1997 obliqua
1791 1951 1987 2000 imposita,
2026 1958 2132 2004 cujus

196 2016 283 2052 pars
310 2004 436 2040 antica
462 2004 681 2051 plerumque
708 2002 806 2038 laevi
832 2002 1010 2039 strictura
1037 2015 1059 2040 a
1084 2004 1227 2053 reliquo
1254 2012 1408 2055 corpore
1437 2010 1626 2056 sejuncta,
1675 2014 1813 2049 collum
1841 2018 2047 2066 mentitur,
2092 2022 2131 2058 in

197 2068 382 2104 nonnullis
417 2080 507 2103 vero
541 2074 756 2103 antrorsum
793 2066 1056 2119 incrassatum¹
1087 2076 1298 2106 retrorsum
1340 2073 1523 2119 aequale,
1582 2074 1687 2122 apice
1732 2077 1880 2115 caudali
1917 2081 2043 2120 obtuso
2077 2086 2131 2122 in-

197 2140 385 2168 structum
422 2140 491 2174 est,

349 2199 388 2243 e)
440 2196 623 2232 Loxiae
658 2194 1071 2237 Coccothraustis.
1121 2198 1435 2249 Echinorhynchi
1468 2201 1609 2250 hyeme
1642 2204 1698 2240 bis
1722 2209 1886 2254 reperti,
1937 2222 2026 2248 mox
2050 2226 2132 2261 pro-

196 2262 344 2299 boscide
372 2261 504 2298 conica
531 2274 618 2296 mox
644 2260 853 2310 cylindrica
879 2262 1055 2298 instructi
1082 2269 1118 2298 et
1144 2264 1296 2312 reliquis
1329 2265 1425 2301 notis
1451 2266 1620 2313 priorum
1646 2269 1813 2319 insignes
1841 2280 1940 2315 sunt,

346 2326 382 2371 f)
434 2325 642 2362 Alaudae
670 2338 943 2363 nemorosae
971 2334 1008 2363 et
1033 2327 1263 2369 trivialis.
1315 2329 1389 2365 Sex
1416 2329 1462 2366 ad
1489 2339 1570 2367 octo
1596 2332 1713 2369 lineas
1739 2335 1861 2386 longi,
1895 2350 1985 2375 vere
2012 2345 2131 2379 semel

198 2398 339 2428 aestate
366 2390 422 2425 bis
447 2390 617 2438 reperti,
666 2389 922 2437 proboscidem
955 2391 1370 2447 conica-cylindricam
1386 2421 1398 2439 ,
1452 2395 1557 2443 apice
1589 2403 1805 2435 truncatam
1840 2409 1877 2438 et
1903 2404 2129 2443 uncinorum

198 2455 365 2501 seriebus
403 2454 531 2490 multis
573 2454 787 2499 munitam,
848 2457 1064 2504 corporique
1101 2457 1243 2506 oblique
1286 2458 1502 2507 impositam
1536 2460 1674 2497 habent
1689 2489 1702 2508 ,
1765 2466 1857 2501 collo
1890 2479 1980 2503 vero
2014 2471 2127 2517 nullo,

199 2531 425 2568 corporeque
457 2517 686 2567 cylindrico,
738 2526 950 2555 antrorsum
983 2521 1187 2567 crassiore,
1240 2523 1345 2571 apice
1375 2523 1501 2560 obtuso
1528 2524 1706 2574 gaudent,
1774 2515 1776 2520 ,

199 2696 279 2750 39)
340 2690 748 2750 Echinorhynchus
790 2694 977 2753 spiralis.
1038 2694 1160 2738 Rud.

282 2787 301 2818 S
313 2797 437 2828 ynon.
480 2788 554 2818 Ech.
580 2789 709 2829 spiralis.
753 2790 967 2830 Rudolphi
989 2790 1128 2833 SynoPS.
1157 2802 1189 2831 Ρ.
1205 2801 1258 2833 70·
1281 2800 1353 2832 323·
1383 2804 1431 2826 nr·
1449 2800 1500 2832 28·
1544 2795 1717 2828 Entozool·
1740 2806 1770 2836 p-
1785 2802 1858 2837 273.
1887 2809 1935 2829 nr.
1950 2807 2000 2840 ¹9·

284 2865 459 2897 Chai-act.
502 2866 672 2898 Proboscis
699 2869 846 2906 linearis,
884 2872 1079 2901 uncinorum
1101 2872 1303 2902 minutorum
1324 2874 1467 2905 seriebus
1489 2875 1640 2915 triginta,
1679 2876 1803 2906 collum
1824 2877 1971 2915 nullum,
2008 2887 2123 2918 corpus

449 2929 531 2953 teres
561 2924 708 2964 longum·

282 2999 380 3033 Hah,
423 2999 463 3029 In
494 3001 652 3032 intestinis
680 3001 839 3032 Ardeae
865 3005 1056 3037 minutae.

345 3091 632 3140 Descript.
689 3092 747 3135 Cl.
781 3094 976 3132 Nitzsch
1019 3105 1055 3133 et
1095 3099 1143 3139 cl,
1175 3099 1411 3148 Rudolphi
1453 3101 1593 3150 speciei
1635 3100 1745 3148 hujus
1783 3100 2122 3151 Echinorhynchos

199 3155 300 3204 prior
332 3157 490 3204 quinque
524 3156 743 3203 pollicarem
778 3158 840 3194 hic
875 3161 1146 3208 septemdecim
1179 3164 1296 3199 lineas
1331 3165 1486 3214 longum
1512 3165 1675 3207 offendit,
1736 3166 1926 3202 Proboscis
1950 3167 2118 3213 linearis,

199 3220 239 3255 in
265 3220 471 3267 specimine
498 3218 752 3267 Rudolphiano
777 3223 840 3258 vix
868 3224 1007 3260 lineam
1034 3225 1230 3263 dimidiam
1258 3227 1474 3278 adtingens,
1527 3230 1751 3266 uncinorum
1778 3229 2119 3267 minutissimorum

199 3290 396 3319 acutorum
417 3284 587 3320 rseriebus
613 3284 779 3320 sedecim
806 3287 852 3323 ad
877 3289 1084 3326 octodecim
1106 3293 1167 3327 vel
1190 3293 1287 3328 ultra
1314 3293 1468 3342 triginta
1493 3294 1804 3330 transversalibus
1831 3293 1945 3330 dense
1973 3301 2119 3331 armata

199 3353 255 3382 est
272 3373 284 3392 ,
336 3359 380 3382 ac
407 3347 445 3383 in
479 3348 582 3396 apice
609 3349 705 3384 nudo
731 3349 906 3387 nodulum
934 3353 1052 3395 offert,
1107 3353 1253 3392 Collum
1284 3358 1441 3399 nullum,
1494 3356 1636 3406 Corpus
1671 3356 1922 3405 cylindricum
1948 3360 2116 3405 aequale,

197 3417 308 3447 tenue
335 3410 417 3463 (viic
443 3410 531 3449 duas
556 3412 686 3449 tertias
711 3414 831 3452 lineae
855 3409 980 3464 partes
1003 3420 1193 3468 crassum)
1224 3428 1364 3459 tortum
1380 3449 1394 3468 ,
1446 3423 1551 3471 apice
1586 3420 1730 3459 caudali
1764 3420 1889 3458 obtuso
1923 3428 1960 3457 et
1983 3423 2118 3471 papilla

196 3474 342 3511 minuta
374 3481 483 3512 aucta
513 3476 752 3522 instructum,

1349 3542 1376 3583 6
