2520 4031
1071 293 1181 316 -·-=x
1280 293 1307 318 0
1403 290 1514 317 hu—-s

296 423 299 425 ,
333 388 566 425 humanitate
593 398 638 421 ac
664 382 878 419 assiduitate
905 382 1048 418 nemini
1075 381 1244 425 cedenti,
1286 394 1347 416 me
1374 387 1550 428 tyronem
1577 381 1614 415 in
1641 392 1682 414 re
1709 378 2063 428 helminthologiea‚
2115 378 2154 414 in
2180 379 2263 414 loco,

332 482 412 512 tam
437 473 577 509 lubrico
605 478 642 506 at
669 469 790 505 arduo.
809 477 1005 508 versatum
1035 468 1254 516 saepissime
1288 468 1432 514 lapsum
1450 492 1463 511 ,
1515 464 1553 503 in
1580 467 1685 501 viam
1710 465 1887 502 relictam,
1909 464 2260 501 benevolentissime

286 592 290 595 .
333 560 557 602 reduxisset,
601 569 806 604 omnesque>
829 556 910 591 fere
936 555 1080 602 species
1105 554 1527 601 Acanthocephalorum
1553 551 1794 600 inspiciendi,
1837 563 1926 587 cum
1952 551 2260 599 descriptionibus

330 649 410 694 jamv
435 644 529 680 datis
557 642 820 692 comparandi,
869 642 1013 689 species
1041 641 1168 677 dubias
1195 640 1449 686 describendi,
1501 647 1628 676 notatu
1666 638 1907 688 dignissimas
1944 640 2153 676 anatomice
2186 644 2262 673 tra-

331 731 457 769 ctandi
483 731 629 769 occasio
655 729 794 776 optima
822 729 917 764 mihi
945 729 1077 764 fuisset
1104 740 1294 769 concessa,
1348 729 1427 763 Non
1455 727 1526 763 nisi
1551 739 1642 763 vero
1667 726 1870 761 veritatem
1896 723 2044 760 sectans
2072 725 2262 761 clarorum

327 820 497 856 virorum
524 830 612 866 pace
640 815 727 860 fiat,
772 824 812 851 ut
839 815 883 851 de
912 828 1043 851 eorum
1070 816 1302 863 opinionibus
1327 814 1416 850 hinc
1443 814 1594 851 illincve
1622 813 1810 857 dubitem,
1853 819 1890 847 et
1914 811 2057 865 pariter
2083 810 2262 865 gaudebo,

328 907 360 943 si
389 918 475 942 mea
508 910 570 939 aut
601 903 900 947 confirmabunt,
954 909 1016 939 aut
1042 903 1230 942 refellent,

474 1035 516 1070 In
542 1035 616 1070 fine
645 1034 1016 1070 :mimadversionum
1050 1034 1090 1069 in
1117 1032 1450 1080 Acanthocephala
1466 1057 1479 1075 ⁷
1531 1031 1713 1067 Lectores
1739 1029 1931 1066 invenient
1955 1040 2159 1065 recensum
2187 1028 2264 1066 ani-

326 1125 504 1168 malium,
546 1125 584 1158 in
619 1124 774 1159 Museo
796 1123 1045 1170 imperiali
1072 1122 1448 1165 Vindobonensi,
1488 1120 1747 1157 munificentia
1774 1118 1889 1173 Imp
1902 1116 2147 1159 erratoris
2180 1129 2265 1157 au-

323 1207 503 1265 gustis
516 1206 644 1248 simi
695 1210 807 1251 Aus
820 1207 928 1248 tria
941 1223 964 1249 e
1021 1207 1254 1249 Francis
1267 1207 1316 1251 ci
1362 1207 1559 1259 Primi,
1606 1202 1782 1254 fundato,
1822 1211 1866 1246 ab
1895 1223 1989 1246 anno
2020 1212 2265 1256 1806—1820

322 1297 426 1333 circa
452 1297 683 1332 helminthes
707 1297 977 1350 ‹lisseotorum3
1022 1309 1134 1343 quem
1162 1296 1384 1332 auctoritate
1414 1308 1458 1331 ac
1485 1296 1636 1331 licentia
1664 1296 1715 1335 ill.
1745 1294 1767 1330 d
1778 1308 1797 1331 e
1826 1296 1851 1332 S
1863 1308 1882 1332 c
1892 1296 1917 1332 h
1927 1310 1947 1332 r·
1957 1309 1975 1332 e
1986 1296 1998 1331 i
2009 1295 2030 1331 b
2042 1308 2060 1330 e
2070 1309 2090 1330 r
2100 1307 2116 1331 s
2143 1295 2262 1330 Musei

321 1383 532 1421 Direotoris
572 1391 608 1418 et
643 1384 777 1432 inclyt,
804 1385 831 1419 B
842 1398 862 1418 r
872 1396 891 1418 e
901 1396 939 1418 m
950 1396 965 1419 s
977 1396 996 1418 e
1005 1384 1045 1418 ri
1079 1396 1209 1418 meum
1245 1383 1341 1429 feci,
1394 1389 1431 1417 et
1459 1396 1503 1417 ex
1536 1395 1606 1428 quo
1633 1381 1831 1418 assiduitas
1859 1395 1903 1419 ac
1933 1383 2061 1417 fervor
2070 1408 2082 1426 ‚
2135 1382 2264 1428 quibus

324 1482 412 1505 cum
439 1476 665 1505 scrutatores
692 1469 998 1514 Vindobonenses
1025 1482 1113 1517 prae
1136 1470 1289 1516 reliquis
1316 1469 1482 1516 partibus
1510 1469 1691 1504 historiae
1717 1469 1898 1504 naturalis
1919 1468 2267 1516 Helminthologiae

322 1556 544 1594 incumbunt
554 1583 565 1600 ,
593 1568 706 1603 quam
735 1556 940 1591 fortissime
968 1557 1104 1601 elucet,
1133 1568 1221 1592 cum
1247 1563 1328 1591 tam
1354 1555 1460 1591 brevi
1487 1555 1525 1590 in
1549 1558 1764 1602 temporum
1791 1555 1927 1602 spatio,
1956 1567 1977 1590 a
2003 1554 2109 1591 Viris
2136 1554 2263 1594 clarisss

325 1644 354 1678 B
365 1657 384 1678 r
393 1655 411 1677 e
421 1654 459 1677 m
471 1637 546 1678 ser
556 1656 575 1678 o
585 1669 596 1686 ,
623 1644 653 1676 Ν
665 1654 684 1678 a
693 1649 707 1677 t
717 1649 731 1677 t
741 1655 760 1677 e
770 1656 790 1677 r
800 1656 819 1677 e
830 1656 850 1678 r
876 1643 901 1678 P
911 1650 982 1678 atr
992 1656 1011 1678 e
1039 1650 1076 1678 et
1102 1644 1129 1678 F
1139 1643 1150 1678 i
1160 1643 1259 1686 liis,
1288 1642 1408 1678 Musei
1430 1641 1635 1688 Inspectori
1662 1648 1699 1676 et
1717 1640 1953 1686 custodibus,
1981 1641 2086 1676 circa
2111 1652 2264 1677 vermes

327 1730 448 1767 solum
475 1738 612 1776 50,000
639 1730 821 1766 animalia
848 1736 935 1766 sunt
961 1729 1137 1768 dissecta.

477 1863 691 1899 Recensum
720 1865 773 1898 ita
799 1863 964 1911 perfeci,
1006 1872 1045 1897 ut
1073 1875 1253 1899 numerus
1286 1864 1431 1908 primus
1466 1863 1623 1901 animali
1650 1863 1899 1909 praepositus,
1944 1873 2142 1898 summam
2174 1867 2267 1897 tota-

325 1945 403 1982 lem
430 1947 676 1984 dissectorum
707 1949 951 1988 animalium,
997 1949 1182 1986 secundus
1210 1949 1352 1984 frustra
1379 1947 1482 1982 circa
1509 1945 1738 1981 helminthes
1764 1945 2050 1994 indagatorum3
2103 1945 2268 1994 singula-

327 2042 415 2065 rum
442 2042 531 2064 vero
557 2029 812 2064 helminthum
840 2042 1020 2066 numerus
1047 2030 1214 2077 primus,
1263 2030 1331 2067 has
1358 2030 1466 2067 toties
1492 2043 1581 2066 vere
1609 2031 1635 2070 i.
1652 2043 1687 2070 e.
1715 2031 1905 2080 mensibus
1927 2030 2084 2076 Martio,
2132 2030 2268 2078 Aprilli

331 2123 367 2151 et
394 2116 512 2162 Majo,
565 2115 749 2152 secundus
783 2123 943 2160 aestate,
994 2117 1127 2153 tertius
1162 2125 1362 2164 autumno,
1418 2125 1569 2166 quartus
1603 2117 1730 2153 hieme
1764 2123 1932 2164 repertas
1960 2129 2063 2161 esse,
2114 2116 2269 2159 indicet.

483 2252 688 2290 Caeterum
727 2255 965 2291 occasionem
999 2255 1097 2292 hanc
1132 2256 1339 2302 praeterire
1378 2268 1450 2291 non
1484 2266 1656 2303 possum,
1710 2255 1799 2302 quin
1824 2255 1928 2292 Viris
1961 2254 2020 2290 his
2049 2255 2199 2302 optimis
2225 2267 2270 2291 ae

333 2341 537 2376 illustribus
573 2353 686 2387 quam
720 2341 908 2377 maximas
950 2354 1062 2390 agam
1108 2342 1279 2389 gratias,
1333 2354 1491 2389 qnorum
1526 2342 1710 2391 benignae
1746 2341 1969 2377 institutioni
2009 2353 2072 2376 me
2106 2342 2270 2376 multum

335 2427 470 2462 debere
507 2433 613 2474 grato
641 2426 767 2460 animo
795 2427 992 2473 profiteor,
1045 2439 1275 2474 quorumque
1304 2440 1394 2476 erga
1430 2440 1492 2462 me
1526 2427 1806 2463 benevolentiae
1833 2428 1935 2463 omni
1962 2426 2072 2462 modo
2100 2427 2269 2471 collatae,

335 2513 395 2560 pia
430 2519 557 2547 mente
592 2525 667 2559 perx
692 2519 808 2547 totam
841 2512 961 2547 vitam
996 2511 1234 2550 recordabor.
1301 2515 1378 2548 Nec
1412 2513 1656 2560 supersedere
1684 2525 1834 2561 possum
1862 2496 1992 2563 gratiis
2018 2510 2272 2561 persolvendis

337 2599 389 2638 ill,
422 2597 682 2644 Rudolphi‚
744 2599 849 2644 cujus
883 2597 1163 2633 benevolentiae
1200 2599 1539 2647 Echinorhynchos
1574 2600 1808 2648 porrigentes
1847 2599 1989 2644 debeo,
2043 2607 2079 2634 et
2114 2598 2271 2644 denique

338 2685 430 2723 Dm.
456 2684 731 2731 Jebmeyer,
773 2684 959 2719 Zehner
994 2692 1030 2719 et
1056 2685 1349 2729 Maluissem,
1404 2686 1566 2725 artifices
1601 2686 1743 2723 summi
1770 2686 1945 2722 laudandi
1973 2685 2160 2733 accipiant
2187 2695 2271 2733 gra·

340 2771 431 2814 lias,
483 2782 572 2818 quas
606 2770 694 2816 ipsis
730 2770 898 2805 sincerus
932 2783 975 2808 ac
1009 2771 1136 2805 lubens
1164 2771 1298 2812 tribuo,
1326 2791 1376 2797 —-

493 2908 712 2944 Scribebam
739 2907 978 2944 Vindobonae
1014 2915 1098 2943 anto
1126 2906 1311 2944 Calendas
1349 2908 1494 2956 Septbr,
1523 2915 1632 2953 1820..

1652 3178 1861 3212 auctor.
