2520 4031
1116 310 1226 333 -ιικ
1323 305 1372 345 52
1471 310 1580 331 nur-—

871 399 1387 443 Lemniscorum
1449 404 1829 439 structura.¹

536 482 686 537 Organa
717 472 785 523 illa'
813 485 910 529 due,
963 484 1091 531 quibus
1118 484 1164 519 cl.
1191 481 1416 529 Rudolphi
1451 494 1590 517 nomen
1624 475 1986 517 Lemniscovum
2019 482 2221 526 adtribuit,
2276 477 2316 518 in

385 551 556 589 omnibus
583 548 911 598 Echinorhynchis
937 547 1148 595 praesentia
1175 547 1226 582 ita
1250 548 1370 582 locata
1405 552 1440 581 at
1473 547 1542 582 sita
1579 552 1691 590 sunt,
1744 553 1781 580 ul
1819 558 1908 592 aper<
1946 545 2019 592 ipsa
2053 559 2141 583 cuin
2178 546 2314 594 vagina

383 623 421 651 et
447 616 612 664 corporis
638 614 763 650 tunica
789 612 937 647 interna
963 619 1041 647 tam
1068 612 1166 647 telae
1194 612 1389 647 cellulosae
1417 623 1529 656 quam
1556 610 1736 646 fibrarum
1765 608 1839 656 ope*
1865 610 2061 656 coniuncta
2077 612 2136 661 ‘sit
2154 636 2164 653 ‚
2214 610 2316 645 basis

383 690 475 716 vero
500 677 618 716 libera
643 679 704 713 vel
730 676 768 710 in
797 676 960 723 corporis
988 688 1080 711 cavo
1103 667 1259 711 ¹fluctuet
1275 702 1287 721 ,
1339 676 1400 710 vel
1428 675 1543 710 etiam
1571 667 1696 721 parvis
1733 685 1820 708 cum
1854 673 1924 707 filis
1951 673 2027 708 euti
2044 665 2222 709 'internae
2252 672 2315 708 ad-

380 744 551 784 haereat.
612 739 809 776 Lemnisci
835 740 874 775 in
901 740 1071 775 omnibus
1099 747 1252 787 excepto
1280 740 1495 789 porrigente
1516 766 1526 783 ,
1580 737 1710 773 eodem
1740 736 1847 773 modo
1876 736 1964 781 siti,
2020 743 2055 770 et
2081 743 2227 772 tantum
2256 750 2315 772 re-

379 815 508 855 spectu
541 803 811 853 magnitudinis
852 812 888 839 et
922 805 1068 840 formae
1103 811 1280 840 externae
1314 804 1353 839 in
1387 802 1543 852 singulis
1569 801 1715 837 ‘diversi
1751 809 1787 837 et
1819 801 1916 836 varii
1950 801 2050 838 sunt.
2118 801 2315 837 Echino-

360 869 582 919 *rhynchi
609 866 834 917 Gigantis
861 868 1035 903 lemnisci
1062 867 1259 903 duodecim
1288 874 1325 902 et
1349 868 1448 902 ultra
1474 867 1593 902 lineas
1620 865 1848 915 longitudine
1877 872 2098 911 aequante&
2153 877 2313 911 superne

380 932 594 984 angustati,
646 932 794 967 inferne
830 931 970 965 sensim
1004 929 1181 973 latiores,
1233 930 1376 965 lineam
1411 930 1492 965 fere
1524 931 1618 975 lati,
1671 930 1904 979 marginibus
1937 927 2130 963 tumidulis
2165 936 2203 963 et
2236 924 2311 965 basi

379 996 573 1034 rotundata
598 994 802 1038 instructi,
855 1006 964 1040 saepe
1000 990 1156 1028 contorti
1194 1006 1239 1028 ao
1265 993 1304 1028 in
1337 1005 1375 1027 se
1411 993 1449 1028 in
1481 993 1620 1028 vicem‘
1639 993 1766 1028 inflexi
1798 993 2054 1031 inveniuntur.
2117 993 2315 1028 Echino-

377 1054 583 1108 rhyn'chi
621 1057 817 1104 majoris
856 1056 1035 1111 lemnisci
1068 1056 1288 1103 pollicares,
1340 1068 1499 1102 quorum
1534 1068 1621 1090 mox
1654 1056 1784 1092 dexter
1818 1057 1977 1101 snistro,
2032 1069 2119 1092 mox
2155 1057 2217 1092 hio
2252 1057 2315 1092 illo

374 1124 519 1174 longior
546 1130 620 1168 est,
667 1122 817 1158 omnino
845 1133 865 1156 a
892 1120 1018 1156 forma
1043 1121 1190 1170 vulgari
1218 1119 1423 1163 decedunt,
1464 1127 1602 1154 teretes
1631 1127 1666 1154 et
1693 1119 1866 1155 rotundos
1892 1120 1972 1155 illos
2000 1121 2101 1156 enim
2129 1121 2172 1157 ab
2201 1121 2313 1156 nodu-

373 1189 420 1224 h's
452 1200 568 1234 aeque
601 1186 682 1221 fere
718 1184 938 1221 distantibus
972 1184 1090 1219 culmi
1126 1184 1327 1219 hordeacei
1362 1183 1407 1219 ad
1436 1185 1554 1219 instar
1575 1185 1810 1231 vinterceptos
1850 1184 2047 1231 invenies,
2106 1185 2146 1220 in
2178 1185 2312 1220 Echi-

374 1250 654 1299 norhyncho
689 1250 879 1297 Spirula
911 1248 974 1284 vix
1000 1248 1194 1283 latitudine
1221 1249 1373 1283 tertiam
1409 1255 1582 1294 quartam
1617 1248 1737 1283 lineae
1765 1256 1913 1294 partem
1942 1247 2156 1297 adtingunt,
2210 1256 2245 1284 et
2271 1257 2313 1283 ut

372 1317 421 1355 cl,
443 1314 608 1349 *Olfers
638 1316 669 1360 1)
701 1315 780 1360 jam
817 1312 1029 1348 observavit
1062 1320 1179 1348 totam
1216 1312 1379 1359 corporis
1415 1311 1496 1346 fere
1522 1311 1794 1361 longitudinem
1831 1313 1989 1361 legunt,
2039 1313 2077 1347 in
2112 1310 2311 1348 Echino-

372 1378 590 1427 rhyncho
630 1377 950 1412 moniliformi
986 1377 1253 1421 minutissimi,
1307 1376 1366 1410 vix
1397 1376 1499 1410 enim
1526 1383 1608 1410 octo
1635 1376 1751 1411 lineas
1774 1375 1876 1424 longi
1903 1383 1938 1411 et
1965 1383 2138 1422 quartam
2166 1384 2311 1422 partem

371 1443 492 1478 lineae
520 1442 598 1481 lati.
627 1462 675 1470 ——
735 1440 896 1476 Omnino
933 1441 1004 1476 alia
1039 1440 1105 1476 sed
1138 1440 1208 1475 sibi
1239 1440 1360 1485 aliqua
1387 1446 1491 1485 parte
1523 1439 1656 1474 similis
1685 1446 1740 1474 est
1766 1451 1993 1488 organorum
2022 1440 2157 1475 horum
2186 1439 2311 1476 forma

372 1506 782 1554 Echinorhynchorum
808 1505 846 1540 in
873 1504 1059 1540 intestinis
1088 1504 1215 1539 avium
1242 1503 1457 1547 obviorum,
1498 1502 1536 1537 in
1564 1502 1621 1537 his
1651 1515 1806 1548 nempe,
1847 1510 1887 1538 ut
1913 1516 1948 1540 v.
1979 1515 2014 1542 c.
2043 1503 2080 1537 in
2109 1504 2312 1540 caudato

370 1578 406 1606 et
428 1570 638 1615 Lancea,
691 1570 754 1605 vix
779 1581 896 1604 unam
921 1581 1010 1604 cum
1037 1568 1193 1603 dimidia
1222 1567 1363 1602 lineam
1390 1565 1512 1614 longi,
1561 1566 1808 1613 conuilanati,
1853 1567 1957 1613 apice
1985 1574 2140 1615 angusto
2168 1575 2203 1602 et
2231 1568 2312 1603 basi

370 1634 566 1670 rotundata
594 1634 725 1670 latiore
752 1633 949 1677 instructi,
988 1633 1027 1667 in
1054 1631 1359 1680 polymorpho
1386 1637 1524 1665 teretes
1552 1637 1589 1666 at
1616 1630 1705 1665 duas
1732 1637 1857 1665 tresve
1883 1631 2001 1665 lineas
2027 1630 2150 1678 longi,
2176 1644 2310 1667 verme

369 1700 447 1746 ipso
474 1699 602 1746 senili3
656 1698 693 1734 in
722 1697 950 1746 Hystrice
987 1709 1146 1744 superne
1174 1695 1382 1745 angustati,
1435 1694 1582 1730 inferne
1610 1694 1783 1730 latissimi
1814 1706 1857 1729 ac
1885 1695 1986 1729 sulco
2013 1706 2127 1740 parvo
2154 1694 2191 1728 in
2220 1694 2310 1730 duos

370 1763 476 1809 quasi
507 1763 605 1798 lobos
639 1762 742 1806 fissi,
794 1769 835 1796 ut
869 1760 1132 1797 subcordatam
1173 1760 1340 1795 formam
1386 1759 1579 1805 referant,
1625 1759 1664 1794 in
1707 1759 1927 1793 Haeruca
1970 1757 2144 1804 utrinque
2185 1759 2309 1807 magis

371 1834 500 1862 tamen
528 1834 742 1862 antrorsurn
771 1825 952 1861 attenuati
980 1832 1016 1860 et
1040 1825 1080 1860 in
1104 1825 1298 1859 Proteus
1321 1823 1417 1859 mihi
1438 1822 1535 1858 dicto
1560 1835 1717 1871 superne
1742 1821 1958 1867 filiformes,
1987 1821 2134 1857 inferne
2155 1822 2307 1859 latiores

370 1892 597 1939 complanati
625 1904 669 1927 ac
697 1891 860 1931 rotundi.

520 1956 590 1991 His
617 1969 661 1991 ex
690 1955 799 1991 dictis
826 1962 999 2002 apparet,
1052 1956 1324 1991 lemniscorum
1359 1955 1525 1991 formam
1559 1955 1709 1990 omnino
1745 1954 1933 1990 diversam
1963 1967 2006 1990 ac
2034 1955 2182 1991 variam
2211 1967 2305 1999 esse,

366 2021 470 2056 illam
497 2033 588 2055 vero
622 2032 737 2065 quam
771 2019 926 2055 Zeder
950 2021 986 2064 2)
1020 2020 1058 2055 in
1095 2020 1499 2068 Echinorhyncho
1535 2019 1756 2055 noduloso
1798 2019 1931 2061 Schr,
1969 2019 2105 2055 vidisse
2139 2020 2307 2056 affirmat

366 2098 558 2131 nunquam
596 2083 745 2122 offendi.
810 2083 882 2120 Vir
916 2085 1040 2120 clarus
1076 2085 1207 2130 enim,
1260 2085 1433 2120 dextrum
1476 2085 1625 2120 sinistro
1665 2083 1901 2132 longiorem,
1954 2084 2173 2130 linearem,
2227 2085 2307 2120 basi

366 2148 562 2184 rotundata
589 2148 839 2191 instructum,
887 2159 1046 2194 superne
1073 2148 1314 2195 filiformem3
1366 2149 1560 2184 sinistrum
1585 2161 1675 2184 vero
1702 2148 1912 2194 minorem,
1961 2149 2136 2184 latiorem
2165 2157 2201 2185 et
2226 2158 2305 2186 tr'es

365 2212 470 2259 quasi
496 2212 536 2247 in
562 2212 661 2246 lobos
688 2211 818 2246 fissum
847 2209 1102 2260 observavit,
1140 2225 1297 2259 quorum
1333 2213 1463 2249 dexter
1500 2220 1536 2248 et
1569 2214 1694 2248 minor
1717 2213 1944 2260 proboscidis
1970 2214 2149 2262 vaginam
2177 2221 2306 2263 tange-

364 2277 446 2321 bat,
500 2275 652 2311 sinister
682 2275 905 2310 auricularis
934 2276 1107 2324 margine
1135 2277 1253 2312 obiter
1278 2277 1396 2312 inciso
1423 2277 1653 2322 instructus,
1706 2277 1838 2312 tertius
1865 2277 2103 2326 longissimus
2132 2278 2305 2313 omnium

363 2342 403 2377 in
433 2341 596 2388 corporis
626 2353 764 2375 cavum
792 2339 1037 2386 dependebat.

518 2405 618 2440 Situs
646 2416 875 2453 organorum
902 2404 1038 2454 horum
1065 2413 1107 2441 ut
1132 2419 1242 2454 supra
1268 2408 1345 2453 iam
1375 2406 1544 2451 exhibui,
1573 2406 1611 2441 in
1636 2417 1787 2441 summa
1808 2413 1845 2441 et
1869 2405 1993 2442 antica
2014 2406 2176 2452 corporis
2196 2413 2302 2452 parte

364 2479 443 2515 est,
496 2477 532 2505 et
560 2471 606 2506 cl.
634 2468 865 2517 Rudolphi
892 2469 1097 2517 reliquique
1126 2478 1296 2507 auctores
1324 2471 1385 2505 illa
1413 2470 1460 2505 ihi
1491 2471 1567 2506 cuti
1593 2471 1763 2506 internae
1792 2470 1910 2506 adfixa
1941 2471 2101 2506 haerere
2129 2470 2302 2509 credunt,

367 2538 513 2572 Verum
549 2533 701 2580 quidem
736 2533 938 2569 lomniscos
971 2533 1129 2570 duorum
1164 2537 1223 2570 vel
1255 2534 1419 2582 plurium
1454 2534 1601 2569 filorum
1635 2534 2200 2583 ligamentoso—valculosorum
2236 2546 2303 2580 ope

365 2601 405 2635 in
445 2599 518 2634 situ
560 2606 719 2641 tenere,
774 2597 921 2644 apicem
963 2611 1052 2634 voro
1096 2607 1132 2634 et
1173 2600 1211 2634 in
1253 2600 1365 2646 ipsius
1406 2599 1565 2648 vaginae
1604 2611 1740 2634 cavum
1776 2605 1970 2645 spectare,
2025 2598 2302 2633 observationes

367 2656 586 2709 saepissime
617 2660 799 2707 repetitae
827 2673 889 2696 me
918 2661 1136 2702 docuerunt,
1187 2663 1381 2698 Facillime
1409 2670 1535 2698 autem
1563 2676 1668 2698 error
1701 2663 1809 2698 modo
1836 2662 1956 2699 dictus
1984 2670 2155 2708 exortus,
2209 2675 2299 2698 cum

365 2739 506 2776 organa
533 2738 692 2772 superne
720 2725 759 2760 in
787 2726 957 2761 omnibus
984 2735 1177 2775 angustata
1205 2740 1397 2763 summam
1426 2728 1590 2763 anticam
1616 2736 1761 2775 partem
1791 2727 1954 2774 corporis
1979 2726 2144 2773 primum
2170 2734 2301 2774 petunt

364 2799 401 2826 et
429 2803 517 2827 cum
544 2789 617 2824 reti
652 2800 827 2824 vasorum
855 2790 1174 2838 longitudinaliter
1201 2791 1372 2838 disposito
1408 2799 1442 2826 et
1469 2803 1579 2838 supra
1608 2791 1792 2839 descripto
1819 2791 2042 2835 cohaerent,
2097 2798 2298 2838 antequam

363 2854 605 2890 inflectuntur
631 2861 667 2888 et
693 2853 732 2888 in
758 2854 918 2903 vaginae
946 2855 1210 2891 membranam
1237 2857 1385 2897 abeunt.
1407 2861 1440 2899 3)

513 2918 805 2953 Lemniscorum
839 2925 1028 2954 structura
1064 2920 1212 2956 interna
1247 2921 1552 2970 elegantissima,
1606 2931 1641 2958 et
1677 2922 1709 2960 G
1731 2936 1750 2958 o
1771 2936 1861 2959 eze
1890 2924 1926 2966 4)
1961 2922 2039 2968 jam
2074 2922 2111 2956 iu
2137 2920 2297 2967 quolibet

363 2983 546 3020 lemnisco
566 2983 878 3031 Echinorhynchi
898 2982 1072 3032 Gigantis
1101 2986 1271 3021 canalem
1299 2985 1562 3024 flavescentem
1591 2988 1715 3024 media
1742 2989 1798 3023 sui
1823 2993 1928 3032 parte
1957 2993 1993 3020 et
2019 2986 2147 3032 procul
2175 2997 2194 3020 a
2224 2984 2295 3020 fine
2342 2974 2344 2980 ,

363 3048 403 3083 in
432 3047 599 3082 sacculos
634 3046 722 3080 duos
756 3047 849 3081 latos
883 3046 1082 3083 abeuntem
1116 3048 1252 3085 vidisse
1281 3049 1471 3099 affirmat,
1524 3067 1635 3101 quam
1663 3059 1891 3089 structuram
1918 3052 1969 3092 ill⁴
1998 3050 2231 3098 Rudolphi
2261 3052 2295 3096 5)

450 3203 481 3237 ι)
523 3198 551 3227 R
563 3198 740 3236 adolphi
771 3198 908 3240 Synops.
939 3209 1057 3241 p.311.

448 3281 462 3300 2
525 3269 629 3298 Erster
653 3269 808 3310 Nachtrag
841 3281 872 3310 p.
894 3280 960 3302 110.

450 3342 480 3378 3)
523 3340 605 3370 Tab.
624 3341 668 3373 Il.
699 3342 756 3383 sig.
775 3353 823 3383 ¹90

446 3412 477 3447 4)
521 3410 652 3451 Nature·
683 3423 716 3451 1³·
736 3422 804 3452 147·

450 3482 480 3516 ς)
523 3482 689 3514 Entozool.
722 3484 796 3515 vol,
812 3485 837 3517 Ι.
867 3496 899 3525 p.
916 3494 988 3527 254.
