2520 4031
1078 281 1187 300 -α
1289 277 1337 314 30
1436 278 1545 302 »-

345 379 501 415 circiter
527 373 735 412 octodecim
762 377 951 408 armatam
981 363 1133 411 habent,
1187 366 1335 405 Collum
1361 368 1401 403 in
1427 368 1600 415 plurimis
1626 373 1851 411 retractum,
1884 374 2077 403 exsertum
2105 366 2277 403 conicam

343 442 511 478 formam
546 437 695 474 exhibet
728 436 841 472 breve
882 442 918 470 et
955 434 1097 471 nudum
1133 441 1200 471 est.
1267 431 1411 480 Corpus
1447 439 1660 468 antrorsum
1699 430 1980 468 crassissimum
2016 430 2278 480 subglobosuin

343 513 552 541 retrorsum
580 500 828 544 decrescens,
858 499 963 546 apice
992 497 1140 533 caudali
1167 497 1293 532 obtuso
1321 497 1569 540 instructum,
1599 497 1670 532 hoc
1698 503 1734 531 et
1760 494 1921 530 minima
1948 496 2088 542 postica
2115 494 2280 541 corporis

342 575 446 616 parte
474 573 652 613 excepta,
681 564 821 601 aculeis
847 562 1022 598 brevibus
1049 561 1271 597 densissime
1298 560 1369 596 sibi
1394 560 1569 608 adpositis
1596 567 1790 595 armatum
1817 566 1885 597 est.

877 723 925 776 3)
986 717 1415 762 Proboscide
1473 717 1750 762 clavata.

342 834 420 890 56)
481 827 894 886 Echinorhynchus
928 827 1266 871 acanthosoma.
1327 826 1446 868 mihi
1484 842 1531 870 n.
1572 841 1637 885 sp.

425 917 597 948 charact.
651 915 824 945 Proboscis
851 915 1045 955 longissima
1073 915 1194 943 clavata
1211 933 1219 949 ,
1264 915 1460 942 uncinorurn
1488 915 1632 943 seriebus
1662 913 1788 942 circiter
1815 912 1931 953 viginti
1961 918 2120 952 quatuor,
2160 910 2284 941 collum

590 972 827 1001 brevissimum.
872 969 996 1006 Corpus
1026 969 1241 1003 dauciforme,
1285 968 1429 1007 undique
1459 968 1579 998 aculeis
1607 968 1762 999 brevibus
1784 976 1950 997 armatum.

423 1050 518 1080 Hab.
562 1049 601 1078 In
623 1049 787 1079 intestinis
822 1045 1063 1089 Atherinae·
1086 1046 1278 1083 Hepseti.

486 1131 728 1179 Descript,
780 1127 946 1167 vermes
974 1130 1094 1166 semel
1121 1142 1212 1166 vere
1239 1128 1401 1177 reperti,
1436 1135 1514 1164 tres
1541 1136 1746 1176 quatuorve
1771 1128 1892 1166 lineas
1917 1130 2041 1178 longi,
2069 1128 2286 1178 proboscide

336 1199 447 1247 longa
489 1197 635 1233 clavata
652 1222 665 1241 ,
726 1195 953 1231 uncinorum
996 1195 1230 1231 minutorum
1273 1193 1429 1229 circiter
1469 1192 1637 1229 seriebus
1682 1192 1819 1243 viginti
1867 1200 2024 1241 quatuor
2062 1193 2286 1229 densissime

339 1269 514 1305 armata,
568 1261 660 1296 collo
693 1259 946 1303 brevissimo,
1001 1271 1155 1307 corpore
1183 1255 1296 1293 tereti
1332 1264 1549 1293 antrorsum
1583 1258 1820 1293 crassissimo
1849 1265 2061 1294 retrorsum
2095 1263 2286 1293 attenuato

339 1334 376 1362 et
401 1325 562 1372 undique
598 1324 738 1365 aculeis
771 1323 946 1359 brevibus
965 1322 1112 1372 'obtusis
1144 1323 1228 1358 laxe
1256 1327 1424 1365 armato,
1476 1322 1652 1358 instructi
1679 1329 1779 1361 sunt.

491 1387 811 1435 Ill.·Rudolp11i
844 1388 1027 1436 (Synops.
1055 1401 1090 1434 p.
1107 1386 1204 1434 336)
1231 1383 1600 1434 Echinorhynchum
1635 1399 1680 1421 ex
1712 1386 1901 1422 Atherina
1929 1385 2094 1433 Hepseto
2121 1384 2286 1430 adducit,

340 1456 445 1501 cujus
472 1454 579 1501 signa
606 1452 688 1487 fere
717 1446 850 1487 eadem
877 1459 982 1496 sunt,
1032 1451 1200 1499 speciem
1228 1457 1357 1485 autem
1385 1449 1603 1485 distinctam
1630 1449 1727 1485 mihi
1754 1450 1856 1485 visus
1884 1450 2015 1485 facere
2045 1449 2181 1493 credo,
2228 1450 2289 1485 vir

340 1521 464 1556 clarus
497 1517 600 1553 enim
636 1517 686 1552 nil
715 1515 759 1551 de
786 1515 985 1564 superficie
1015 1517 1186 1551 aculeata
1218 1513 1397 1559 adducit,
1453 1514 1631 1562 illamque
1667 1513 1720 1550 ita
1747 1526 1819 1549 non
1847 1513 2143 1550 conditionatam
2171 1514 2288 1549 fuisse

342 1584 493 1632 opinor,
549 1581 640 1618 alias
668 1587 856 1616 scrutator
881 1579 1092 1615 indefessus
1121 1586 1224 1615 certe
1253 1577 1503 1617 observasset.

343 1742 420 1796 57)
481 1737 895 1794 Echinorhynchus
940 1737 1139 1779 striatas.
1203 1736 1370 1778 Goeze.

425 1825 576 1865 Synon.
623 1824 696 1853 Ει-Ιι.
721 1825 857 1853 striatas.
893 1822 1024 1853 Goeze
1049 1823 1182 1863 Naturg.
1206 1833 1238 1860 p.
1255 1831 1320 1861 152.
1345 1821 1499 1852 Tab.XI.
1523 1821 1573 1861 fig.
1587 1821 1616 1851 6.
1643 1829 1671 1858 7.
1726 1820 1855 1849 Zeder
1878 1818 2012 1859 Naturg.
2037 1826 2150 1858 p.155.
2177 1828 2287 1852 nr.2o.

594 1879 810 1917 Rudolphi
840 1880 1011 1908 Entozool.
1036 1889 1067 1917 p.
1082 1880 1154 1916 263.
1177 1887 1306 1913 nr.1o.,
1352 1877 1489 1917 Synops.
1515 1886 1608 1915 pun.
1634 1885 1706 1914 3²9·
1732 1885 1780 1905 nr.
1793 1884 1843 1913 ⁴3·
1888 1874 2072 1904 Schrank
2096 1874 2288 1906 Verzeichn.

592 1944 684 1972 p.22.
708 1944 819 1973 niam.
847 1952 889 1958 -
950 1934 1026 1963 Ech.
1049 1933 1184 1963 Ardeae.
1230 1933 1402 1963 Gnielin
1425 1933 1508 1972 Syst.
1534 1933 1605 1962 Nat.
1630 1942 1660 1969 p.
1673 1934 1764 1968 3046.
1789 1941 1839 1962 nr.
1854 1939 1900 1969 15.
1928 1948 1970 1955 ——-
2023 1929 2288 1965 Ech0xmutabilis.

591 1990 816 2028 Rudolphi
840 1989 984 2030 Synops.
1008 1999 1039 2027 p.
1053 1990 1125 2029 609.
1150 1992 1260 2028 nr.56.

429 2068 604 2100 Charact.
650 2067 816 2098 Proboscis
849 2068 1050 2102 subclavata,
1095 2068 1216 2096 collum
1246 2066 1395 2095 conicum
1423 2067 1566 2102 inerme,
1611 2066 1755 2103 corporis
1780 2074 1855 2102 pars
1878 2066 1981 2094 antica
2004 2064 2198 2105 subglobosa
2220 2076 2290 2096 acu-

593 2124 691 2159 leata,
736 2124 860 2161 postica
888 2125 1014 2152 tenuior
1038 2124 1158 2152 sulcata
1187 2131 1217 2152 et
1239 2123 1335 2152 nuda.

427 2201 524 2232 Hab.
571 2201 609 2230 In
640 2203 801 2231 intestinis
823 2201 978 2230 Ardeae
1001 2203 1211 2237 cinereae,
1243 2202 1454 2241 Egrettae,
1489 2198 1664 2235 Leuces‚
1696 2197 1999 2236 Nycticoracis
2023 2200 2291 2235 virescentis,

595 2258 871 2298 cayenuensis
894 2265 924 2285 et
946 2267 977 2287 n.
1000 2267 1048 2294 sp.
1073 2257 1288 2286 Plataleae
1310 2256 1470 2295 Ajajae,
1516 2255 1685 2285 Sternae
1714 2256 1917 2291 minutae,
1962 2254 2111 2286 Anatis
2144 2255 2293 2286 Oloris

596 2321 627 2343 et
647 2314 814 2351 parasitice
843 2314 878 2341 in
902 2312 1103 2344 Falconis
1135 2312 1387 2343 Albicillae.

495 2399 529 2434 D
548 2411 567 2433 e
586 2411 602 2433 s
619 2410 638 2434 c
657 2412 677 2433 r
692 2398 704 2433 i
720 2405 787 2445 pt,
851 2398 908 2437 Ill.
937 2395 1170 2445 Rudolphi
1207 2396 1548 2446 Echinorhynehos
1583 2395 1649 2431 hos
1664 2422 1676 2440 ,
1731 2403 1886 2443 excepta
1920 2395 2040 2430 solum
2074 2396 2292 2443 proboscide

346 2464 517 2499 omnibus
546 2463 584 2498 in
612 2462 707 2498 notis
735 2461 1005 2498 concordantes
1032 2462 1087 2497 uti
1116 2461 1163 2500 cl.
1191 2462 1251 2497 vir
1277 2463 1354 2510 ipse
1380 2461 1546 2509 profert,
1598 2459 1689 2495 duas
1716 2460 1861 2508 species
1894 2459 2024 2495 facere
2058 2459 2225 2496 affirmat
2259 2467 2295 2495 et

345 2529 468 2575 itaque
495 2539 632 2563 novam
659 2527 765 2562 illam
791 2527 960 2575 speciem
987 2525 1098 2565 Eeh.
1126 2527 1411 2562 mutabilem
1439 2525 1574 2573 posuit.
1633 2523 1936 2560 Accuratissime
1965 2531 2093 2560 autem
2121 2524 2294 2560 omnibus

346 2592 542 2640 inspectis,
571 2591 792 2627 discrimina
818 2591 946 2626 forsan
972 2591 1011 2626 in
1039 2590 1266 2638 proboscidis
1293 2591 1418 2626 forma
1440 2588 1654 2637 praesentia
1682 2588 1830 2624 minora
1857 2595 1963 2633 sunt,
1991 2600 2106 2635 quam
2130 2601 2224 2636 quae
2247 2587 2294 2624 ad

347 2657 490 2704 species
517 2656 683 2691 diversas
710 2655 899 2703 ponendas
926 2655 1188 2702 requiruntur,
1218 2668 1290 2702 qua
1318 2668 1363 2690 ex
1390 2666 1516 2703 causa*
1533 2652 1676 2700 species
1705 2652 1900 2699 conjunxi,
1928 2665 2047 2699 neque
2076 2664 2247 2688 errorem
2272 2666 2293 2688 a

348 2734 408 2756 me
437 2720 552 2756 fuisse
580 2720 853 2763 commissum,
908 2732 927 2754 e
954 2719 1190 2768 singulorum
1217 2718 1472 2767 speciminum
1500 2716 1748 2764 descriptione
1777 2718 1988 2752 luculenter
2015 2716 2292 2757 demonstrabo,

498 2799 537 2843 a)
590 2797 777 2833 Ardeae
821 2798 1057 2836 cinereae.
1111 2796 1268 2834 Goeze
1309 2797 1388 2843 jam
1425 2795 1794 2843 Echinorhynchum
1838 2796 1995 2844 reperiit
2038 2808 2169 2842 corpus
2204 2809 2294 2832 vero

349 2864 560 2898 aculeatum
595 2874 676 2897 esse
711 2874 783 2897 non
818 2861 990 2907 adduxit,
1035 2867 1074 2896 et
1105 2861 1315 2908 specimina
1350 2859 1448 2895 mihi
1480 2859 1582 2905 visa,
1631 2872 1721 2895 vere
1750 2868 1787 2896 et
1814 2867 1954 2896 aestate
1980 2860 2100 2895 semel
2127 2868 2292 2908 reperta,

349 2926 563 2973 proboscide
596 2926 723 2970 brevi,
776 2927 915 2971 tereti,
970 2926 1075 2973 apice
1110 2924 1339 2961 tumescenti
1379 2930 1416 2959 et
1449 2923 1532 2958 ideo
1574 2924 1817 2969 subclavata,
1867 2934 1996 2958 versus
2024 2922 2130 2958 basin
2157 2937 2293 2971 parum

353 2991 543 3036 exsculpta
586 2997 621 3025 et
661 2990 886 3026 uncinorum
928 2990 1163 3025 minutorum
1200 2988 1368 3025 seriebus
1413 2987 1698 3035 quatuordecim
1739 2987 1912 3030 munita,
1974 2986 2160 3023 instructa
2195 2990 2292 3027 sunt,

350 3051 497 3088 Collum
532 3054 706 3089 conicum
742 3054 904 3093 inerme.
961 3051 1137 3101 Corporis
1172 3054 1296 3089 antica
1326 3065 1412 3100 pars
1439 3052 1537 3087 laevi
1565 3053 1744 3087 strictura
1783 3062 1804 3085 a
1831 3051 1924 3086 collo
1958 3051 2128 3096 sejuncta
2162 3054 2294 3088 conica

349 3116 435 3152 dein
463 3117 698 3167 subglobosa,
735 3118 875 3153 aculeis
903 3118 1059 3153 minutis
1087 3117 1198 3154 dense
1228 3124 1398 3163 armata,
1433 3129 1520 3164 pars
1547 3115 1688 3164 postica
1713 3120 1815 3149 teres
1823 3140 1836 3159 ,
1870 3115 2091 3162 inaequalis,
2120 3115 2295 3162 inermis,

350 3180 485 3216 leviter
518 3181 637 3217 incisa
672 3188 707 3216 et
734 3182 879 3220 striata.

498 3245 690 3280 Nonnullis
717 3245 756 3280 in
783 3246 1052 3292 speciminibus
1081 3247 1219 3282 collum
1254 3246 1430 3282 conicum
1466 3251 1502 3280 et
1535 3242 1700 3291 corporis
1737 3242 1863 3279 antica
1897 3255 1983 3290 pars
2018 3243 2150 3279 conica
2176 3243 2293 3289 deest,

353 3316 389 3342 et
415 3308 602 3355 proboscis
631 3321 674 3343 ex
704 3309 868 3356 corporis
895 3311 1113 3359 subglobosa
1141 3318 1176 3346 et
1205 3311 1374 3346 aculeata
1401 3315 1528 3356 parte,
1583 3314 1623 3342 ut
1650 3307 1768 3355 stylus
1796 3319 1841 3342 ex
1868 3307 1973 3356 globo
2000 3307 2245 3354 protruditur.

500 3387 540 3432 b)
593 3386 776 3423 Ardeae
812 3388 1169 3437 Nycticoracis,
1222 3386 1484 3434 Speciminum
1525 3393 1684 3433 quatuor
1716 3384 1835 3421 lineas
1869 3386 2068 3434 longorum
2106 3386 2294 3433 proboscis

353 3463 439 3486 mox
467 3451 571 3498 apice
600 3459 730 3498 aucta,
771 3464 858 3487 mox
885 3452 965 3491 basi
992 3453 1178 3489 crassiore
1205 3451 1411 3497 instructa,
1456 3462 1608 3498 semper
1637 3456 1764 3486 autem
1793 3449 1898 3497 apice
1926 3456 2099 3486 truncata
2128 3457 2166 3486 et
2191 3451 2293 3486 unci-
