2520 4031
1078 320 1188 341 ---<
1287 305 1337 355 46
1437 299 1546 348 »τ’

491 407 682 447 Proboscis
719 407 822 450 enim
854 408 1008 456 signum
1041 407 1269 455 primarium
1303 418 1347 442 ac
1381 410 1556 441 constans
1591 406 1763 442 omnium
1793 406 2214 458 Acanthoeephalorum
2246 411 2285 447 in

339 469 477 511 duobus
510 482 641 509 tamen
675 472 750 509 hue
784 466 911 518 usque
935 471 1030 506 notis
1067 464 1399 520 Echinorhynchis
1438 469 1554 505 variis
1590 477 1697 517 atque
1734 478 1862 507 notatu
1899 472 2130 524 dignissimis
2167 483 2286 512 muta-

336 538 494 574 tionibus
522 537 679 588 gaudet,
724 544 760 573 et
786 535 944 582 denique
971 535 1165 570 vermibus
1193 536 1352 571 senilem
1379 542 1421 570 ut
1445 534 1595 570 videtur
1618 541 1784 572 aetatem
1809 534 1967 573 adtactis
1993 547 2069 577 tota
2096 540 2288 576 evanescit

336 609 443 648 atque
469 600 510 638 in
537 602 799 639 machinulam
827 600 1071 647 sphaericam
1098 600 1187 639 abir.
1240 600 1465 636 Mutationes
1494 599 1561 634 has
1590 599 1628 634 in
1655 600 1750 636 Ech.
1777 602 2023 649 polymorpho
2051 612 2088 640 et
2115 605 2290 652 sphaero-

334 665 490 714 cephalo
522 655 587 706 Br.
617 665 741 702 obvias
778 677 891 711 supra
923 665 1161 714 singularum
1199 665 1414 712 specierum
1449 663 1741 711 descriptionem
1786 670 2026 712 pertractans
2067 669 2187 705 fusius
2228 668 2290 704 de·-

333 731 487 779 scripsi,
517 743 587 778 qua
616 743 660 765 ex
688 741 801 765 causa
827 729 897 765 hoc
921 730 1001 765 loco
1028 729 1262 765 solummodo
1284 737 1519 765 structuram
1538 728 1659 764 bullae
1686 728 1895 775 adducam,
1924 743 2019 778 quae
2047 732 2154 769 brevi
2180 734 2291 782 hacc.

486 793 703 831 Machinula
736 793 936 841 sphaerica
965 795 998 840 1)
1044 793 1185 829 duabus
1220 807 1266 829 ex
1301 793 1536 829 membranis
1579 793 1877 841 semidiaphanis
1913 794 2080 841 constat,
2132 810 2291 844 quarum

334 867 489 895 externa
523 858 698 894 cellulosa
733 858 986 907 glaberrima,
1039 858 1189 895 interna
1222 872 1313 895 vero
1348 872 1505 896 mucosa
1539 858 1701 905 undique
1740 860 1784 896 ab
1819 860 1893 895 reti
1922 857 2106 896 'vasorum
2145 862 2294 911 elegan-

331 926 477 961 tissime
502 930 755 970 perreptatur.
825 923 962 970 Papilla
997 935 1114 968 parva
1151 927 1195 957 etl
1221 923 1284 958 vix
1321 924 1522 971 conspicua
1550 925 1767 971 proboscide
1795 926 1918 962 adhuc
1945 933 2168 973 praesente,
2220 926 2294 963 hac

332 989 369 1025 in
396 989 537 1025 bullam
564 995 711 1024 mutata
737 999 879 1035 magna
914 993 951 1021 et
977 986 1114 1021 melius
1140 986 1179 1021 in
1217 987 1323 1033 apice
1358 989 1610 1035 conspicitur,
1663 1002 1757 1036 quae
1785 991 1937 1026 omnino
1961 992 2047 1027 illae
2074 992 2114 1029 in
2140 992 2295 1039 reliquis

331 1054 661 1102 Echinorhynchis
690 1052 914 1099 conspicuae
942 1050 1061 1098 quoad
1088 1058 1323 1087 structuram
1351 1051 1486 1087 similis
1515 1060 1583 1095 est,
1637 1055 1697 1090 Ad
1725 1059 1905 1093 annulum
1932 1059 2037 1095 enim
2062 1058 2294 1094 tumidulum

329 1106 503 1167 papillam
527 1117 748 1166 cingentem
776 1129 867 1152 vasa
895 1115 1098 1151 innumera
1126 1116 1169 1151 ab
1199 1115 1360 1163 capitulo
1393 1116 1520 1152 media
1547 1118 1586 1153 in
1615 1126 1722 1166 parte
1751 1121 1989 1168 prominente
2014 1122 2194 1168 tendunt,
2248 1122 2294 1158 de

327 1182 456 1229 quibus
484 1194 575 1217 vero
602 1181 805 1228 praecipue
834 1180 970 1216 decem
997 1181 1058 1215 vel
1085 1180 1286 1216 duodecim
1315 1182 1517 1229 conspicua
1553 1189 1590 1217 et
1617 1183 1772 1231 reliquis
1801 1186 1948 1231 majora
1977 1193 2082 1230 sunt,
2139 1194 2175 1222 et
2203 1199 2294 1222 cum

326 1246 474 1294 punctis
501 1244 669 1280 rotundis
696 1244 893 1293 pellucidis
922 1252 1028 1280 extra
1063 1246 1245 1281 annulum
1280 1244 1408 1292 positis
1448 1247 1749 1289 communicant,
1780 1269 1822 1275 —
1886 1250 2028 1286 Puncta
2056 1250 2152 1286 haec
2180 1251 2294 1298 pellu-

328 1312 411 1349 cida
445 1310 680 1347 solummodo
723 1318 852 1346 autem
889 1311 927 1346 in
964 1323 1097 1346 eorum
1130 1309 1325 1345 vermium
1367 1309 1465 1345 bulla
1507 1309 1668 1355 adsunt,
1728 1325 1822 1359 quae
1858 1319 1936 1349 tota
1969 1314 2089 1349 laevis
2122 1314 2294 1358 reddita,

329 1388 418 1413 nam
456 1376 494 1411 in
531 1375 685 1422 reliquis
713 1375 752 1411 in
789 1376 926 1411 horum
961 1377 1042 1412 loco
1076 1375 1294 1411 rudimenta
1328 1377 1573 1411 hamulorum
1609 1376 1885 1423 conspicimus,
1930 1390 2001 1424 qua
2029 1376 2073 1413 de
2101 1390 2142 1412 re
2170 1378 2294 1424 primo

327 1441 480 1491 quidem
514 1441 653 1476 intuitu
690 1448 917 1488 punctorum
953 1448 1088 1476 natura
1122 1440 1300 1487 papillosa
1337 1440 1457 1476 dubiis
1495 1440 1617 1477 adhuc
1652 1441 1822 1489 subjecta
1858 1450 1942 1487 est,
1996 1442 2064 1478 sed
2099 1443 2294 1490 pa'pillulas

328 1509 496 1544 minores
523 1506 653 1542 facere
683 1519 704 1542 a
721 1505 919 1542 ,credendo
951 1506 1094 1541 alienus
1125 1504 1226 1542 haud
1253 1510 1364 1550 sum,
1409 1506 1610 1553 praecipue
1640 1515 1730 1541 cum
1755 1507 1796 1541 in
1822 1506 1894 1542 illis
1920 1520 1982 1542 me
2011 1507 2123 1543 strias
2151 1508 2293 1555 capitu-

327 1573 480 1619 lumque
509 1571 728 1606 observasse
756 1564 889 1614 credo,
923 1577 959 1604 et
987 1581 1075 1604 cum
1104 1582 1149 1604 ex
1176 1569 1248 1605 illis
1275 1569 1376 1606 rami
1401 1571 1629 1619 principales
1655 1584 1835 1607 vasorum
1862 1573 2131 1610 membranam
2158 1585 2292 1609 secun-

329 1637 418 1672 dam
453 1642 712 1684 perreptantes
748 1642 921 1670 exortum
957 1633 1097 1670 ducere
1129 1634 1330 1689 videntur,
1383 1635 1556 1684 bullaque
1591 1637 1778 1681 dissecta,
1830 1636 1936 1671 filum
1970 1638 2211 1673 vasculosum
2246 1637 2291 1672 ab

328 1702 432 1737 omni
462 1708 599 1749 puncto
636 1700 681 1736 ad
714 1700 892 1748 papillam
927 1700 965 1735 in
1000 1699 1081 1735 basi
1114 1699 1236 1735 bullae
1270 1700 1433 1737 locatam
1467 1703 1625 1738 tendens
1662 1702 1907 1750 conspicitur,
1960 1704 2066 1739 Bulla
2094 1703 2199 1739 enim
2224 1715 2294 1750 per

329 1766 497 1802 mediam
531 1765 807 1815 longitudinem
850 1765 1013 1801 dissecta
1054 1765 1267 1815 imaginem
1303 1766 1435 1814 capitis
1471 1767 1669 1814 papaveris
1705 1767 1852 1811 refert,
1905 1779 1997 1803 nam
2033 1774 2109 1804 tota
2146 1767 2291 1804 cavitas

329 1832 435 1878 quasi
472 1831 515 1867 ab
551 1822 816 1866 loctilamentis
843 1830 1039 1878 pellucidis
1073 1837 1110 1866 et
1137 1843 1181 1865 ex
1217 1832 1290 1867 tela
1328 1832 1505 1868 cellulosa
1539 1831 1715 1868 formatis
1752 1832 1862 1867 acin
1890 1844 1930 1867 se
1958 1832 2127 1869 invicem
2157 1832 2292 1869 cohae-

331 1898 495 1933 rentibus
536 1898 680 1944 repleta
724 1903 806 1940 est,
862 1902 898 1931 et
934 1895 1061 1931 media
1096 1896 1135 1932 in
1170 1904 1276 1943 parte
1325 1896 1457 1932 ductus
1503 1909 1665 1946 magnus
1702 1897 1746 1932 ab
1785 1896 1994 1932 minoribus
2030 1896 2291 1933 circumdatus

331 1961 574 2008 conspicitur,
627 1961 775 2015 Ductus
796 1959 844 2009 lii
873 1972 962 1995 cum
989 1960 1125 2007 papilla
1160 1960 1199 1996 in
1234 1960 1367 1997 infima
1402 1968 1438 1996 et
1471 1961 1620 1998 interna
1656 1961 1855 2009 superficie
1889 1961 2011 2012 bullae
2045 1956 2168 1998 locata
2202 1975 2290 1998 non-

331 2027 520 2073 nullosque
545 2025 597 2060 *in
631 2016 731 2060 lobos
764 2023 852 2060 fissa
885 2025 939 2060 ita
974 2025 1285 2071 communicant,
1338 2033 1378 2061 ut
1413 2027 1562 2073 medius
1598 2035 1635 2062 et
1670 2027 1861 2062 maximus
1898 2027 1942 2062 ab
1981 2026 2096 2074 ipsius
2132 2027 2289 2074 papillae

332 2096 515 2126 excavata
536 2096 572 2124 et
596 2088 724 2124 media
748 2096 854 2136 parte
880 2089 1111 2136 excipiatur,
1138 2090 1331 2125 minorum
1358 2103 1447 2127 vero
1472 2091 1542 2127 duo
1565 2099 1691 2127 tresve
1710 2090 1755 2126 ad
1777 2091 1968 2140 singulum
1986 2091 2113 2126 lobum
2130 2091 2290 2138 papillae

331 2155 507 2199 tendant,
536 2154 599 2202 qui
624 2154 760 2190 sulcati
788 2166 919 2190 omnes
947 2166 1038 2190 cum
1065 2153 1178 2191 ductu
1206 2155 1243 2190 in
1271 2168 1382 2201 quem
1405 2158 1544 2205 vagina
1568 2155 1796 2204 proboscidis
1817 2155 1876 2191 his
1899 2155 1938 2190 in
1955 2155 2290 2203 Ecliinorhynchis

318 2229 388 2258 ⁴est
415 2228 561 2257 mutata
588 2219 895 2265 communicant,
947 2232 1179 2266 succumque
1208 2219 1434 2257 exhaustum
1461 2222 1500 2258 in
1528 2223 1628 2258 hunc
1656 2220 1864 2261 effundunt,

919 2341 1158 2386 Colli
1232 2352 1706 2387 structura.

486 2416 678 2452 Proboscis
714 2423 751 2451 et
789 2415 889 2452 bulla
928 2416 967 2451 in
1002 2416 1175 2452 omnibus
1212 2417 1294 2453 fere
1324 2409 1668 2467 Echinorhynohis¹
1697 2425 1803 2466 parte
1840 2417 2007 2464 corporis
2041 2416 2291 2452 fundamento·

336 2480 477 2525 utitur,
530 2493 623 2527 quae
659 2493 750 2517 cum
783 2480 928 2528 reliqua
963 2481 1112 2516 tenuior
1147 2489 1183 2517 et
1218 2481 1262 2517 ab
1299 2482 1370 2518 hac
1406 2483 1628 2530 saepissime
1665 2483 1844 2518 strictura
1879 2482 1980 2517 laevi
2021 2487 2077 2516 est
2118 2481 2295 2527 sejuncta:

335 2544 429 2592 apud
457 2553 629 2582 auctores
648 2544 829 2582 Collum
857 2546 1050 2582 nominata
1078 2553 1148 2587 est,
1201 2547 1341 2583 Forma
1368 2547 1478 2594 hujus
1506 2555 1661 2583 externa
1687 2548 1725 2583 in
1747 2546 1902 2596 singulis
1929 2545 2077 2582 diversa
2106 2552 2143 2580 et
2166 2545 2288 2590 varia,

336 2610 487 2646 omnino
521 2623 611 2646 vero
647 2611 913 2660 distinguimus
950 2612 1089 2647 collum
1123 2610 1237 2646 breve
1273 2619 1309 2647 et
1342 2613 1524 2662 longum,
1579 2612 1827 2657 distinctum,
1881 2610 2127 2660 vaginatum,
2181 2611 2288 2645 laeve

336 2687 515 2724 rugosum
544 2683 643 2718 erc„
699 2682 739 2710 ut
765 2676 842 2721 jam
876 2688 921 2710 ex
957 2675 1206 2722 descriptione
1243 2677 1478 2725 singulorum
1507 2677 1918 2725 Echinorhynchorum
1953 2675 2126 2715 innotuit.
2180 2675 2287 2709 Haec

335 2751 475 2785 quoque
510 2751 596 2786 pars
629 2739 667 2774 in
702 2739 944 2786 quibusdam,
1000 2748 1039 2775 ut
1072 2740 1168 2779 Ech.
1196 2742 1440 2789 polymorpho
1468 2749 1504 2776 et
1530 2742 1848 2789 sphaerocephalo
1876 2740 2144 2777 mutationibus
2172 2739 2289 2775 certis

337 2795 493 2852 gaudet,
548 2803 700 2839 omnino
736 2816 825 2839 vero
859 2805 897 2852 in
933 2805 1105 2841 omnibus
1140 2818 1205 2852 pro
1237 2805 1384 2841 diverso
1418 2812 1515 2841 statu
1552 2805 1780 2853 proboscidis
1809 2813 1982 2842 exsertae
2009 2805 2069 2840 vel
2096 2811 2288 2840 retractae

337 2867 548 2911 variabilis,
591 2868 642 2903 ita
669 2876 709 2903 ut
735 2869 798 2905 illa
828 2876 994 2905 retracta
1022 2870 1061 2905 in
1087 2883 1159 2905 uno
1194 2870 1400 2918 eodemque
1429 2871 1750 2919 Echinorhyncho
1785 2873 1924 2907 collum
1951 2869 2116 2913 nullum,
2165 2868 2291 2914 aliqua

324 2931 442 2978 *parte
477 2939 624 2968 exserta
667 2933 952 2981 cylindricum,
1006 2941 1083 2970 tota
1125 2934 1301 2971 conicum
1336 2935 1466 2972 adesse
1502 2937 1629 2984 possit.
1698 2938 1761 2973 Sic
1797 2936 1899 2973 vocis
1934 2947 2048 2970 causa
2084 2934 2293 2969 Echino-

338 2995 550 3043 rhynchi
578 2998 741 3033 striati
770 2997 843 3043 G„
881 3001 1019 3035 collum
1048 3000 1222 3037 conicum
1249 3003 1354 3038 laeve
1383 3009 1420 3037 et
1445 3003 1600 3051 longum
1628 3015 1737 3050 saepe
1765 3013 1838 3036 una
1866 3011 1955 3035 cum
1984 2999 2173 3034 anteriore
2201 3010 2294 3033 acu-

337 3062 436 3095 leata
463 3067 499 3094 et
526 3060 743 3110 subglobosa
770 3065 934 3111 corporis
961 3073 1066 3112 parte
1094 3067 1131 3102 in
1159 3054 1228 3103 ho'o
1256 3067 1306 3103 ita
1325 3066 1504 3102 inflexum
1525 3067 1744 3102 observatur
1770 3066 1812 3099 ut
1838 3063 1981 3099 vermis
2000 3063 2152 3099 omnino
2172 3063 2296 3099 aliam

339 3125 503 3161 formam
533 3126 799 3173 nanciscatur,
838 3130 1087 3177 passimque,
1141 3131 1195 3167 uti
1224 3132 1271 3171 cl.
1295 3131 1529 3179 Rudolphiss
1550 3133 1585 3176 2)
1614 3121 1780 3173 monuit,
1832 3128 2101 3175 Amphistoma
2128 3128 2295 3168 referat,

428 3280 458 3314 ι)
499 3264 652 3307 ‘sublim
676 3278 725 3317 fig.
740 3288 857 3311 ιο.,ιῐ.
878 3289 926 3310 12.
950 3281 1104 3310 exhibent
1126 3281 1250 3321 bullam
1274 3281 1537 3322 Echinorhynch’i
1563 3280 1774 3321 polymorphi
1804 3290 1861 3318 per
1883 3280 2022 3309 mediam
2044 3278 2230 3318 longitudin
2243 3287 2295 3307 em

549 3342 580 3363 et
595 3334 802 3365 latitudinem
822 3338 1001 3368 dissectam.
1044 3338 1084 3366 In
1099 3338 1148 3378 fig.
1163 3347 1209 3371 12.
1226 3340 1351 3367 interna
1374 3345 1405 3368 et
1421 3330 1530 3367 'infima
1559 3347 1631 3375 pars
1650 3345 1697 3369 est
1714 3337 1848 3374 depicta.
1892 3335 2002 3373 Lapsu
2025 3335 2154 3364 artificis
2173 3345 2226 3364 um
2240 3334 2295 3364 [³¹⁸³
2331 3337 2343 3342 ⁷¹

550 3391 584 3418 in
604 3390 659 3430 fig.
677 3399 712 3420 ιο
730 3399 760 3421 et
781 3401 829 3424 12.
859 3394 900 3421 ita
923 3393 1072 3430 exculpto
1095 3402 1156 3429 est,
1184 3403 1219 3425 ut
1239 3397 1386 3432 superior
1407 3405 1478 3434 pars
1504 3396 1663 3424 internam
1685 3394 1816 3430 faciem,
1841 3395 1968 3424 interna
1991 3401 2066 3424 veto
2090 3398 2122 3420 et
2148 3390 2294 3420 infer-iot

551 3455 645 3483 pars,
691 3450 890 3485 superiorem
922 3449 1046 3479 referat.

428 3520 459 3554 2)
503 3517 638 3556 Synops.
672 3528 704 3556 p,
721 3519 792 3557 670.
