<?xml version="1.0" encoding="UTF-8"?>
<!DOCTYPE html PUBLIC "-//W3C//DTD XHTML 1.0 Transitional//EN"
    "http://www.w3.org/TR/xhtml1/DTD/xhtml1-transitional.dtd">
<html xmlns="http://www.w3.org/1999/xhtml" xml:lang="en" lang="en">
 <head>
  <title>
</title>
<meta http-equiv="Content-Type" content="text/html;charset=utf-8" />
  <meta name='ocr-system' content='tesseract 3.04.00' />
  <meta name='ocr-capabilities' content='ocr_page ocr_carea ocr_par ocr_line ocrx_word'/>
</head>
<body>
  <div class='ocr_page' id='page_1' title='image "./dehelminthibusac00west_0035.png"; bbox 0 0 2520 4031; ppageno 0'>
   <div class='ocr_carea' id='block_1_1' title="bbox 971 296 1438 335">
    <p class='ocr_par' dir='ltr' id='par_1_1' title="bbox 971 296 1438 335">
     <span class='ocr_line' id='line_1_1' title="bbox 971 296 1438 335; baseline -0.004 -9"><span class='ocrx_word' id='word_1_1' title='bbox 971 296 1438 335; x_wconf 38' lang='grc'><strong>«95»-</strong></span> 
     </span>
    </p>
   </div>
   <div class='ocr_carea' id='block_1_2' title="bbox 232 383 2177 566">
    <p class='ocr_par' dir='ltr' id='par_1_2' title="bbox 232 383 2177 566">
     <span class='ocr_line' id='line_1_2' title="bbox 236 383 2177 441; baseline 0.005 -21"><span class='ocrx_word' id='word_1_2' title='bbox 236 383 444 433; x_wconf 87' lang='lat' dir='ltr'>cylindrica</span> <span class='ocrx_word' id='word_1_3' title='bbox 469 385 530 420; x_wconf 85' lang='lat' dir='ltr'>vel</span> <span class='ocrx_word' id='word_1_4' title='bbox 554 385 706 422; x_wconf 82' lang='lat' dir='ltr'>linearis</span> <span class='ocrx_word' id='word_1_5' title='bbox 734 386 879 434; x_wconf 80' lang='lat' dir='ltr'><strong>corpori</strong></span> <span class='ocrx_word' id='word_1_6' title='bbox 906 386 1051 434; x_wconf 81' lang='lat' dir='ltr'>obliqua</span> <span class='ocrx_word' id='word_1_7' title='bbox 1078 389 1273 435; x_wconf 88' lang='lat' dir='ltr'>imposita,</span> <span class='ocrx_word' id='word_1_8' title='bbox 1316 389 1542 424; x_wconf 84' lang='lat' dir='ltr'>uncinorum</span> <span class='ocrx_word' id='word_1_9' title='bbox 1569 391 1879 429; x_wconf 85' lang='lat' dir='ltr'>tenuissimorum</span> <span class='ocrx_word' id='word_1_10' title='bbox 1907 394 2013 441; x_wconf 86' lang='lat' dir='ltr'>apice</span> <span class='ocrx_word' id='word_1_11' title='bbox 2040 406 2177 441; x_wconf 84' lang='lat' dir='ltr'>parum</span> 
     </span>
     <span class='ocr_line' id='line_1_3' title="bbox 234 449 2173 507; baseline 0.004 -24"><span class='ocrx_word' id='word_1_12' title='bbox 234 449 421 495; x_wconf 77' lang='lat' dir='ltr'>majorum</span> <span class='ocrx_word' id='word_1_13' title='bbox 449 449 614 501; x_wconf 77' lang='lat' dir='ltr'>seriebus</span> <span class='ocrx_word' id='word_1_14' title='bbox 650 452 752 488; x_wconf 87' lang='lat' dir='ltr'>circa</span> <span class='ocrx_word' id='word_1_15' title='bbox 785 451 919 500; x_wconf 74' lang='lat' dir='ltr'>viginti</span> <span class='ocrx_word' id='word_1_16' title='bbox 956 454 1181 490; x_wconf 82' lang='lat' dir='ltr'>transversis</span> <span class='ocrx_word' id='word_1_17' title='bbox 1215 454 1389 501; x_wconf 77' lang='lat' dir='ltr'>munita3</span> <span class='ocrx_word' id='word_1_18' title='bbox 1442 453 1579 489; x_wconf 89' lang='lat' dir='ltr'>collum</span> <span class='ocrx_word' id='word_1_19' title='bbox 1615 455 1785 503; x_wconf 74' lang='lat' dir='ltr'>nullum3</span> <span class='ocrx_word' id='word_1_20' title='bbox 1837 471 1969 507; x_wconf 82' lang='lat' dir='ltr'>corpus</span> <span class='ocrx_word' id='word_1_21' title='bbox 2004 459 2173 507; x_wconf 76' lang='lat' dir='ltr'>longissi-</span> 
     </span>
     <span class='ocr_line' id='line_1_4' title="bbox 232 516 1954 566; baseline 0.008 -19"><span class='ocrx_word' id='word_1_22' title='bbox 232 525 340 548; x_wconf 78' lang='lat' dir='ltr'>mum</span> <span class='ocrx_word' id='word_1_23' title='bbox 366 521 488 560; x_wconf 81' lang='lat' dir='ltr'>teres,</span> <span class='ocrx_word' id='word_1_24' title='bbox 541 516 680 562; x_wconf 78' lang='lat' dir='ltr'>postico</span> <span class='ocrx_word' id='word_1_25' title='bbox 705 528 911 563; x_wconf 79' lang='lat' dir='ltr'><strong>parumper</strong></span> <span class='ocrx_word' id='word_1_26' title='bbox 939 517 1185 563; x_wconf 79' lang='lat' dir='ltr'><strong>decrescens,</strong></span> <span class='ocrx_word' id='word_1_27' title='bbox 1238 518 1343 566; x_wconf 84' lang='lat' dir='ltr'><strong>apice</strong></span> <span class='ocrx_word' id='word_1_28' title='bbox 1378 517 1527 555; x_wconf 86' lang='lat' dir='ltr'>caudali</span> <span class='ocrx_word' id='word_1_29' title='bbox 1560 518 1687 555; x_wconf 90' lang='lat' dir='ltr'>obtuso</span> <span class='ocrx_word' id='word_1_30' title='bbox 1714 519 1954 563; x_wconf 83' lang='lat' dir='ltr'>instructum.</span> 
     </span>
    </p>
   </div>
   <div class='ocr_carea' id='block_1_3' title="bbox 230 648 1471 778">
    <p class='ocr_par' dir='ltr' id='par_1_3' title="bbox 230 648 1471 778">
     <span class='ocr_line' id='line_1_5' title="bbox 230 648 1190 707; baseline 0.003 -17"><span class='ocrx_word' id='word_1_31' title='bbox 230 653 313 707; x_wconf 78' lang='lat'>45)</span> <span class='ocrx_word' id='word_1_32' title='bbox 371 648 782 706; x_wconf 67' lang='lat' dir='ltr'>Echinorhyncbus</span> <span class='ocrx_word' id='word_1_33' title='bbox 816 651 1002 695; x_wconf 80' lang='lat' dir='ltr'>terebra.</span> <span class='ocrx_word' id='word_1_34' title='bbox 1056 649 1190 694; x_wconf 79' lang='lat' dir='ltr'>Rud,</span> 
     </span>
     <span class='ocr_line' id='line_1_6' title="bbox 315 733 1471 778; baseline 0.003 -16"><span class='ocrx_word' id='word_1_35' title='bbox 315 733 469 775; x_wconf 76' lang='lat' dir='ltr'>Synon.</span> <span class='ocrx_word' id='word_1_36' title='bbox 513 735 587 766; x_wconf 68' lang='lat' dir='ltr'><em>Ecla.</em></span> <span class='ocrx_word' id='word_1_37' title='bbox 612 735 743 768; x_wconf 71' lang='lat' dir='ltr'>terebra,</span> <span class='ocrx_word' id='word_1_38' title='bbox 788 736 1003 777; x_wconf 82' lang='lat' dir='ltr'>Rudolphi</span> <span class='ocrx_word' id='word_1_39' title='bbox 1034 737 1172 778; x_wconf 87' lang='lat' dir='ltr'>Synops.</span> <span class='ocrx_word' id='word_1_40' title='bbox 1204 747 1233 775; x_wconf 82' lang='lat' dir='ltr'>p.</span> <span class='ocrx_word' id='word_1_41' title='bbox 1252 736 1324 770; x_wconf 78' lang='lat'><strong>668.</strong></span> <span class='ocrx_word' id='word_1_42' title='bbox 1349 746 1399 765; x_wconf 88' lang='lat' dir='ltr'>nr.</span> <span class='ocrx_word' id='word_1_43' title='bbox 1419 743 1471 776; x_wconf 83' lang='lat'>55.</span> 
     </span>
    </p>
   </div>
   <div class='ocr_carea' id='block_1_4' title="bbox 314 812 2171 860">
    <p class='ocr_par' dir='ltr' id='par_1_4' title="bbox 314 812 2171 860">
     <span class='ocr_line' id='line_1_7' title="bbox 314 812 2171 860; baseline 0.005 -18"><span class='ocrx_word' id='word_1_44' title='bbox 314 812 498 844; x_wconf 77' lang='lat' dir='ltr'>Chai-act.</span> <span class='ocrx_word' id='word_1_45' title='bbox 551 813 716 843; x_wconf 62' lang='lat' dir='ltr'>Prohoscis</span> <span class='ocrx_word' id='word_1_46' title='bbox 741 815 902 852; x_wconf 78' lang='lat' dir='ltr'>linearis,</span> <span class='ocrx_word' id='word_1_47' title='bbox 947 818 1144 847; x_wconf 84' lang='lat' dir='ltr'>uncinorum</span> <span class='ocrx_word' id='word_1_48' title='bbox 1172 815 1317 845; x_wconf 78' lang='lat' dir='ltr'>seriebus</span> <span class='ocrx_word' id='word_1_49' title='bbox 1350 815 1430 844; x_wconf 81' lang='lat' dir='ltr'>circa</span> <span class='ocrx_word' id='word_1_50' title='bbox 1468 814 1634 855; x_wconf 73' lang='lat' dir='ltr'>sexaginta</span> <span class='ocrx_word' id='word_1_51' title='bbox 1653 835 1663 850; x_wconf 85' lang='lat'><strong><em>,</em></strong></span> <span class='ocrx_word' id='word_1_52' title='bbox 1707 815 1830 847; x_wconf 82' lang='lat' dir='ltr'>collum</span> <span class='ocrx_word' id='word_1_53' title='bbox 1859 816 2011 856; x_wconf 86' lang='lat' dir='ltr'>nullum,</span> <span class='ocrx_word' id='word_1_54' title='bbox 2055 829 2171 860; x_wconf 83' lang='lat' dir='ltr'>corpus</span> 
     </span>
    </p>
   </div>
   <div class='ocr_carea' id='block_1_5' title="bbox 477 870 716 910">
    <p class='ocr_par' dir='ltr' id='par_1_5' title="bbox 477 870 716 910">
     <span class='ocr_line' id='line_1_8' title="bbox 477 870 716 910; baseline -0.008 -10"><span class='ocrx_word' id='word_1_55' title='bbox 477 870 716 910; x_wconf 83' lang='lat' dir='ltr'>longissimum.</span> 
     </span>
    </p>
   </div>
   <div class='ocr_carea' id='block_1_6' title="bbox 311 947 1187 991">
    <p class='ocr_par' dir='ltr' id='par_1_6' title="bbox 311 947 1187 991">
     <span class='ocr_line' id='line_1_9' title="bbox 311 947 1187 991; baseline 0.005 -14"><span class='ocrx_word' id='word_1_56' title='bbox 311 948 406 978; x_wconf 74' lang='lat' dir='ltr'>Hah.</span> <span class='ocrx_word' id='word_1_57' title='bbox 451 947 490 977; x_wconf 89' lang='lat' dir='ltr'>In</span> <span class='ocrx_word' id='word_1_58' title='bbox 520 948 682 978; x_wconf 72' lang='lat' dir='ltr'>intestinis</span> <span class='ocrx_word' id='word_1_59' title='bbox 713 947 901 979; x_wconf 87' lang='lat' dir='ltr'>Scombri</span> <span class='ocrx_word' id='word_1_60' title='bbox 930 949 1187 991; x_wconf 79' lang='lat' dir='ltr'>Pelamydis.</span> 
     </span>
    </p>
   </div>
   <div class='ocr_carea' id='block_1_7' title="bbox 207 1031 2177 1471">
    <p class='ocr_par' dir='ltr' id='par_1_7' title="bbox 207 1031 2177 1471">
     <span class='ocr_line' id='line_1_10' title="bbox 377 1031 2174 1085; baseline 0.007 -20"><span class='ocrx_word' id='word_1_61' title='bbox 377 1031 615 1079; x_wconf 75' lang='lat' dir='ltr'>Descript‚</span> <span class='ocrx_word' id='word_1_62' title='bbox 670 1031 888 1081; x_wconf 87' lang='lat' dir='ltr'>Specimina</span> <span class='ocrx_word' id='word_1_63' title='bbox 914 1042 996 1071; x_wconf 86' lang='lat' dir='ltr'>octo</span> <span class='ocrx_word' id='word_1_64' title='bbox 1024 1035 1069 1071; x_wconf 87' lang='lat' dir='ltr'>ad</span> <span class='ocrx_word' id='word_1_65' title='bbox 1096 1035 1296 1071; x_wconf 82' lang='lat' dir='ltr'><strong>duodecim</strong></span> <span class='ocrx_word' id='word_1_66' title='bbox 1322 1035 1439 1070; x_wconf 88' lang='lat' dir='ltr'>lineas</span> <span class='ocrx_word' id='word_1_67' title='bbox 1466 1036 1596 1084; x_wconf 80' lang='lat' dir='ltr'>longa,</span> <span class='ocrx_word' id='word_1_68' title='bbox 1624 1034 1677 1075; x_wconf 79' lang='lat' dir='ltr'>ill,</span> <span class='ocrx_word' id='word_1_69' title='bbox 1706 1035 1940 1085; x_wconf 85' lang='lat' dir='ltr'>Rudolphi</span> <span class='ocrx_word' id='word_1_70' title='bbox 1969 1039 2011 1075; x_wconf 85' lang='lat' dir='ltr'>ab</span> <span class='ocrx_word' id='word_1_71' title='bbox 2039 1041 2087 1082; x_wconf 77' lang='lat' dir='ltr'>cl,</span> <span class='ocrx_word' id='word_1_72' title='bbox 2122 1040 2174 1077; x_wconf 87' lang='lat' dir='ltr'>de</span> 
     </span>
     <span class='ocr_line' id='line_1_11' title="bbox 228 1094 2176 1152; baseline 0.005 -20"><span class='ocrx_word' id='word_1_73' title='bbox 228 1094 259 1132; x_wconf 91' lang='lat' dir='ltr'>C</span> <span class='ocrx_word' id='word_1_74' title='bbox 269 1096 474 1132; x_wconf 81' lang='lat' dir='ltr'>hamisso</span> <span class='ocrx_word' id='word_1_75' title='bbox 507 1097 811 1142; x_wconf 69' lang='lat' dir='ltr'>communicata,</span> <span class='ocrx_word' id='word_1_76' title='bbox 863 1099 943 1145; x_wconf 89' lang='lat' dir='ltr'>plus</span> <span class='ocrx_word' id='word_1_77' title='bbox 970 1099 1168 1146; x_wconf 80' lang='lat' dir='ltr'>minusque</span> <span class='ocrx_word' id='word_1_78' title='bbox 1196 1099 1308 1134; x_wconf 87' lang='lat' dir='ltr'>rubro</span> <span class='ocrx_word' id='word_1_79' title='bbox 1339 1100 1462 1135; x_wconf 83' lang='lat' dir='ltr'>colore</span> <span class='ocrx_word' id='word_1_80' title='bbox 1495 1099 1637 1135; x_wconf 87' lang='lat' dir='ltr'>infecta</span> <span class='ocrx_word' id='word_1_81' title='bbox 1662 1108 1698 1135; x_wconf 87' lang='lat' dir='ltr'>et</span> <span class='ocrx_word' id='word_1_82' title='bbox 1728 1101 1840 1148; x_wconf 41' lang='lat' dir='ltr'>apice,</span> <span class='ocrx_word' id='word_1_83' title='bbox 1861 1101 2009 1138; x_wconf 87' lang='lat' dir='ltr'>caudali</span> <span class='ocrx_word' id='word_1_84' title='bbox 2034 1106 2176 1152; x_wconf 90' lang='lat' dir='ltr'>passim</span> 
     </span>
     <span class='ocr_line' id='line_1_12' title="bbox 227 1160 2175 1213; baseline 0.005 -18"><span class='ocrx_word' id='word_1_85' title='bbox 227 1160 335 1210; x_wconf 77' lang='lat' dir='ltr'>nigro</span> <span class='ocrx_word' id='word_1_86' title='bbox 362 1161 545 1198; x_wconf 84' lang='lat' dir='ltr'>instructa</span> <span class='ocrx_word' id='word_1_87' title='bbox 562 1189 574 1208; x_wconf 83' lang='lat'><em>‚</em></span> <span class='ocrx_word' id='word_1_88' title='bbox 628 1162 838 1198; x_wconf 85' lang='lat' dir='ltr'>ventriculo</span> <span class='ocrx_word' id='word_1_89' title='bbox 865 1162 1038 1198; x_wconf 85' lang='lat' dir='ltr'>Scombri</span> <span class='ocrx_word' id='word_1_90' title='bbox 1066 1165 1279 1213; x_wconf 84' lang='lat' dir='ltr'>Pelamydis</span> <span class='ocrx_word' id='word_1_91' title='bbox 1313 1163 1521 1199; x_wconf 77' lang='lat' dir='ltr'>fortissime</span> <span class='ocrx_word' id='word_1_92' title='bbox 1557 1163 1820 1204; x_wconf 76' lang='lat' dir='ltr'>inhaerebant.</span> <span class='ocrx_word' id='word_1_93' title='bbox 1884 1166 2074 1203; x_wconf 88' lang='lat' dir='ltr'>Proboscis</span> <span class='ocrx_word' id='word_1_94' title='bbox 2099 1170 2175 1206; x_wconf 91' lang='lat' dir='ltr'>Ion-</span> 
     </span>
     <span class='ocr_line' id='line_1_13' title="bbox 225 1224 2176 1277; baseline 0.006 -19"><span class='ocrx_word' id='word_1_95' title='bbox 225 1224 383 1272; x_wconf 79' lang='lat' dir='ltr'>gissima</span> <span class='ocrx_word' id='word_1_96' title='bbox 410 1238 496 1261; x_wconf 78' lang='lat' dir='ltr'>mox</span> <span class='ocrx_word' id='word_1_97' title='bbox 524 1226 761 1271; x_wconf 83' lang='lat' dir='ltr'>subclavata,</span> <span class='ocrx_word' id='word_1_98' title='bbox 809 1238 896 1261; x_wconf 81' lang='lat' dir='ltr'>mox</span> <span class='ocrx_word' id='word_1_99' title='bbox 924 1226 1133 1274; x_wconf 85' lang='lat' dir='ltr'>cylindrica</span> <span class='ocrx_word' id='word_1_100' title='bbox 1162 1229 1346 1277; x_wconf 84' lang='lat' dir='ltr'>aequalis,</span> <span class='ocrx_word' id='word_1_101' title='bbox 1395 1240 1483 1263; x_wconf 79' lang='lat' dir='ltr'>mox</span> <span class='ocrx_word' id='word_1_102' title='bbox 1509 1234 1615 1276; x_wconf 87' lang='lat' dir='ltr'>parte</span> <span class='ocrx_word' id='word_1_103' title='bbox 1641 1228 1783 1276; x_wconf 86' lang='lat' dir='ltr'>postica</span> <span class='ocrx_word' id='word_1_104' title='bbox 1811 1231 2034 1276; x_wconf 84' lang='lat' dir='ltr'>constricta,</span> <span class='ocrx_word' id='word_1_105' title='bbox 2076 1234 2176 1270; x_wconf 88' lang='lat' dir='ltr'>echi-</span> 
     </span>
     <span class='ocr_line' id='line_1_14' title="bbox 207 1289 2177 1348; baseline 0.007 -27"><span class='ocrx_word' id='word_1_106' title='bbox 207 1300 361 1323; x_wconf 70' lang='lat' dir='ltr'>norum</span> <span class='ocrx_word' id='word_1_107' title='bbox 400 1289 571 1325; x_wconf 86' lang='lat' dir='ltr'>tenuium</span> <span class='ocrx_word' id='word_1_108' title='bbox 612 1291 934 1341; x_wconf 75' lang='lat' dir='ltr'>longiusculorum</span> <span class='ocrx_word' id='word_1_109' title='bbox 973 1293 1140 1328; x_wconf 82' lang='lat' dir='ltr'>seriebus</span> <span class='ocrx_word' id='word_1_110' title='bbox 1183 1294 1380 1342; x_wconf 80' lang='lat' dir='ltr'>sexaginta</span> <span class='ocrx_word' id='word_1_111' title='bbox 1422 1292 1469 1328; x_wconf 87' lang='lat' dir='ltr'>ad</span> <span class='ocrx_word' id='word_1_112' title='bbox 1507 1294 1696 1343; x_wconf 77' lang='lat' dir='ltr'>octoginta</span> <span class='ocrx_word' id='word_1_113' title='bbox 1738 1297 1966 1333; x_wconf 86' lang='lat' dir='ltr'>transversis</span> <span class='ocrx_word' id='word_1_114' title='bbox 2009 1306 2177 1348; x_wconf 75' lang='lat' dir='ltr'>armata5</span> 
     </span>
     <span class='ocr_line' id='line_1_15' title="bbox 226 1354 2176 1407; baseline 0.006 -19"><span class='ocrx_word' id='word_1_115' title='bbox 226 1354 364 1390; x_wconf 80' lang='lat' dir='ltr'>collum</span> <span class='ocrx_word' id='word_1_116' title='bbox 403 1356 574 1403; x_wconf 79' lang='lat' dir='ltr'>nullum3</span> <span class='ocrx_word' id='word_1_117' title='bbox 634 1369 768 1405; x_wconf 87' lang='lat' dir='ltr'>corpus</span> <span class='ocrx_word' id='word_1_118' title='bbox 810 1357 934 1407; x_wconf 82' lang='lat' dir='ltr'>antioc</span> <span class='ocrx_word' id='word_1_119' title='bbox 970 1356 1226 1404; x_wconf 85' lang='lat' dir='ltr'>cylindricum</span> <span class='ocrx_word' id='word_1_120' title='bbox 1263 1358 1446 1404; x_wconf 85' lang='lat' dir='ltr'>aequale,</span> <span class='ocrx_word' id='word_1_121' title='bbox 1500 1356 1585 1392; x_wconf 87' lang='lat' dir='ltr'>dein</span> <span class='ocrx_word' id='word_1_122' title='bbox 1621 1371 1735 1405; x_wconf 84' lang='lat' dir='ltr'>quam</span> <span class='ocrx_word' id='word_1_123' title='bbox 1769 1359 1977 1398; x_wconf 79' lang='lat' dir='ltr'>fortissime</span> <span class='ocrx_word' id='word_1_124' title='bbox 2011 1363 2176 1400; x_wconf 84' lang='lat' dir='ltr'>incisum</span> 
     </span>
     <span class='ocr_line' id='line_1_16' title="bbox 226 1419 1658 1471; baseline 0.001 -18"><span class='ocrx_word' id='word_1_125' title='bbox 226 1426 426 1455; x_wconf 87' lang='lat' dir='ltr'>crenatum</span> <span class='ocrx_word' id='word_1_126' title='bbox 453 1421 535 1457; x_wconf 83' lang='lat' dir='ltr'>fere</span> <span class='ocrx_word' id='word_1_127' title='bbox 561 1421 823 1470; x_wconf 82' lang='lat' dir='ltr'>pinnatifidum</span> <span class='ocrx_word' id='word_1_128' title='bbox 839 1447 852 1466; x_wconf 81' lang='grc'>,</span> <span class='ocrx_word' id='word_1_129' title='bbox 905 1432 999 1467; x_wconf 85' lang='lat' dir='ltr'>apex</span> <span class='ocrx_word' id='word_1_130' title='bbox 1025 1421 1167 1457; x_wconf 82' lang='lat' dir='ltr'>iterum</span> <span class='ocrx_word' id='word_1_131' title='bbox 1193 1422 1466 1471; x_wconf 79' lang='lat' dir='ltr'>integerrimus</span> <span class='ocrx_word' id='word_1_132' title='bbox 1494 1419 1658 1461; x_wconf 54' lang='lat' dir='ltr'>obtusus.</span> 
     </span>
    </p>
   </div>
   <div class='ocr_carea' id='block_1_8' title="bbox 221 1540 1623 1684">
    <p class='ocr_par' dir='ltr' id='par_1_8' title="bbox 221 1540 1623 1684">
     <span class='ocr_line' id='line_1_17' title="bbox 221 1540 1391 1612; baseline 0.003 -16"><span class='ocrx_word' id='word_1_133' title='bbox 221 1558 305 1612; x_wconf 79' lang='lat'>46)</span> <span class='ocrx_word' id='word_1_134' title='bbox 365 1553 778 1612; x_wconf 86' lang='lat' dir='ltr'>Echinorhynchus</span> <span class='ocrx_word' id='word_1_135' title='bbox 818 1540 1160 1599; x_wconf 61' lang='lat' dir='ltr'>monilifformis.</span> <span class='ocrx_word' id='word_1_136' title='bbox 1221 1557 1391 1599; x_wconf 87' lang='lat' dir='ltr'>Brems.</span> 
     </span>
     <span class='ocr_line' id='line_1_18' title="bbox 306 1639 1623 1684; baseline 0.002 -13"><span class='ocrx_word' id='word_1_137' title='bbox 306 1640 460 1682; x_wconf 85' lang='lat' dir='ltr'>Synon.</span> <span class='ocrx_word' id='word_1_138' title='bbox 504 1642 580 1672; x_wconf 77' lang='lat' dir='ltr'>Eclz.</span> <span class='ocrx_word' id='word_1_139' title='bbox 611 1639 832 1684; x_wconf 70' lang='lat' dir='ltr'>monilzformis·</span> <span class='ocrx_word' id='word_1_140' title='bbox 870 1641 905 1671; x_wconf 78' lang='lat' dir='ltr'>R</span> <span class='ocrx_word' id='word_1_141' title='bbox 917 1642 965 1672; x_wconf 91' lang='lat' dir='ltr'>ud</span> <span class='ocrx_word' id='word_1_142' title='bbox 977 1641 1098 1679; x_wconf 84' lang='lat' dir='ltr'>olphi</span> <span class='ocrx_word' id='word_1_143' title='bbox 1127 1642 1267 1683; x_wconf 86' lang='lat' dir='ltr'>Synops.</span> <span class='ocrx_word' id='word_1_144' title='bbox 1293 1654 1322 1682; x_wconf 88' lang='lat' dir='ltr'>p.</span> <span class='ocrx_word' id='word_1_145' title='bbox 1341 1652 1390 1682; x_wconf 84' lang='lat'>71.</span> <span class='ocrx_word' id='word_1_146' title='bbox 1415 1651 1485 1682; x_wconf 81' lang='lat'>324.</span> <span class='ocrx_word' id='word_1_147' title='bbox 1509 1654 1557 1675; x_wconf 87' lang='lat' dir='ltr'>nr.</span> <span class='ocrx_word' id='word_1_148' title='bbox 1573 1652 1623 1681; x_wconf 74' lang='grc'>33.</span> 
     </span>
    </p>
   </div>
   <div class='ocr_carea' id='block_1_9' title="bbox 308 1718 2174 1817">
    <p class='ocr_par' dir='ltr' id='par_1_9' title="bbox 308 1718 2174 1817">
     <span class='ocr_line' id='line_1_19' title="bbox 308 1718 2174 1762; baseline 0.003 -14"><span class='ocrx_word' id='word_1_149' title='bbox 308 1718 496 1751; x_wconf 78' lang='lat' dir='ltr'>Chai-act.</span> <span class='ocrx_word' id='word_1_150' title='bbox 543 1719 712 1750; x_wconf 87' lang='lat' dir='ltr'>Proboscis</span> <span class='ocrx_word' id='word_1_151' title='bbox 736 1721 931 1760; x_wconf 79' lang='lat' dir='ltr'>cylindrica,</span> <span class='ocrx_word' id='word_1_152' title='bbox 976 1722 1172 1750; x_wconf 85' lang='lat' dir='ltr'>uneinorum</span> <span class='ocrx_word' id='word_1_153' title='bbox 1197 1723 1467 1753; x_wconf 75' lang='lat' dir='ltr'>tenuissimorum</span> <span class='ocrx_word' id='word_1_154' title='bbox 1492 1723 1637 1752; x_wconf 82' lang='lat' dir='ltr'>seriebus</span> <span class='ocrx_word' id='word_1_155' title='bbox 1659 1722 1848 1760; x_wconf 83' lang='lat' dir='ltr'>duodecim,</span> <span class='ocrx_word' id='word_1_156' title='bbox 1885 1722 2010 1753; x_wconf 86' lang='lat' dir='ltr'>collum</span> <span class='ocrx_word' id='word_1_157' title='bbox 2032 1724 2174 1762; x_wconf 87' lang='lat' dir='ltr'>nullum,</span> 
     </span>
     <span class='ocr_line' id='line_1_20' title="bbox 475 1776 1388 1817; baseline 0.005 -13"><span class='ocrx_word' id='word_1_158' title='bbox 475 1786 589 1814; x_wconf 83' lang='lat' dir='ltr'>corpus</span> <span class='ocrx_word' id='word_1_159' title='bbox 618 1777 845 1817; x_wconf 78' lang='lat' dir='ltr'>longissimum</span> <span class='ocrx_word' id='word_1_160' title='bbox 875 1776 1117 1813; x_wconf 84' lang='lat' dir='ltr'>monilisorme,</span> <span class='ocrx_word' id='word_1_161' title='bbox 1161 1779 1258 1807; x_wconf 73' lang='lat' dir='ltr'>cauda</span> <span class='ocrx_word' id='word_1_162' title='bbox 1290 1786 1388 1810; x_wconf 71' lang='lat' dir='ltr'>tereS.</span> 
     </span>
    </p>
   </div>
   <div class='ocr_carea' id='block_1_10' title="bbox 308 1854 2173 1943">
    <p class='ocr_par' dir='ltr' id='par_1_10' title="bbox 308 1854 2173 1943">
     <span class='ocr_line' id='line_1_21' title="bbox 308 1854 2173 1897; baseline 0.003 -13"><span class='ocrx_word' id='word_1_163' title='bbox 308 1855 406 1886; x_wconf 78' lang='lat' dir='ltr'>Hah.</span> <span class='ocrx_word' id='word_1_164' title='bbox 451 1855 491 1884; x_wconf 91' lang='lat' dir='ltr'>In</span> <span class='ocrx_word' id='word_1_165' title='bbox 519 1856 675 1884; x_wconf 76' lang='lat' dir='ltr'>intestinis</span> <span class='ocrx_word' id='word_1_166' title='bbox 712 1854 844 1883; x_wconf 82' lang='lat' dir='ltr'>Muris</span> <span class='ocrx_word' id='word_1_167' title='bbox 882 1855 1064 1892; x_wconf 80' lang='lat' dir='ltr'>arvalis,</span> <span class='ocrx_word' id='word_1_168' title='bbox 1110 1855 1380 1897; x_wconf 82' lang='lat' dir='ltr'>Arctomydis</span> <span class='ocrx_word' id='word_1_169' title='bbox 1413 1857 1596 1893; x_wconf 86' lang='lat' dir='ltr'>Criceti,</span> <span class='ocrx_word' id='word_1_170' title='bbox 1644 1863 1676 1886; x_wconf 80' lang='lat' dir='ltr'>et</span> <span class='ocrx_word' id='word_1_171' title='bbox 1704 1859 1871 1895; x_wconf 79' lang='lat' dir='ltr'>parasitice</span> <span class='ocrx_word' id='word_1_172' title='bbox 1903 1858 1938 1888; x_wconf 83' lang='lat' dir='ltr'>in&#39;</span> <span class='ocrx_word' id='word_1_173' title='bbox 1961 1858 2173 1890; x_wconf 75' lang='lat' dir='ltr'>Mustelae</span> 
     </span>
     <span class='ocr_line' id='line_1_22' title="bbox 473 1909 1405 1943; baseline 0.003 -3"><span class='ocrx_word' id='word_1_174' title='bbox 473 1910 639 1940; x_wconf 85' lang='lat' dir='ltr'>Putorii</span> <span class='ocrx_word' id='word_1_175' title='bbox 669 1916 701 1939; x_wconf 88' lang='lat' dir='ltr'>et</span> <span class='ocrx_word' id='word_1_176' title='bbox 731 1909 934 1939; x_wconf 75' lang='lat' dir='ltr'>Falconis</span> <span class='ocrx_word' id='word_1_177' title='bbox 966 1911 1184 1941; x_wconf 75' lang='lat' dir='ltr'>cineracei</span> <span class='ocrx_word' id='word_1_178' title='bbox 1213 1914 1405 1943; x_wconf 86' lang='lat' dir='ltr'>ventriculo.</span> 
     </span>
    </p>
   </div>
   <div class='ocr_carea' id='block_1_11' title="bbox 953 1979 1446 2031">
    <p class='ocr_par' dir='ltr' id='par_1_11' title="bbox 953 1979 1446 2031">
     <span class='ocr_line' id='line_1_23' title="bbox 953 1979 1446 2031; baseline 0.018 -17"><span class='ocrx_word' id='word_1_179' title='bbox 953 1979 1114 2021; x_wconf 69' lang='lat' dir='ltr'>Tab.1.</span> <span class='ocrx_word' id='word_1_180' title='bbox 1174 1982 1259 2031; x_wconf 80' lang='lat' dir='ltr'>fig.</span> <span class='ocrx_word' id='word_1_181' title='bbox 1283 1993 1319 2031; x_wconf 85' lang='lat'>3.</span> <span class='ocrx_word' id='word_1_182' title='bbox 1350 1995 1384 2022; x_wconf 86' lang='lat' dir='ltr'>a.</span> <span class='ocrx_word' id='word_1_183' title='bbox 1409 1983 1446 2023; x_wconf 80' lang='lat' dir='ltr'>b.</span> 
     </span>
    </p>
   </div>
   <div class='ocr_carea' id='block_1_12' title="bbox 219 2055 2176 2949">
    <p class='ocr_par' dir='ltr' id='par_1_12' title="bbox 219 2055 2176 2949">
     <span class='ocr_line' id='line_1_24' title="bbox 373 2055 2175 2107; baseline 0.003 -14"><span class='ocrx_word' id='word_1_184' title='bbox 373 2057 614 2105; x_wconf 37' lang='lat' dir='ltr'>Descripti</span> <span class='ocrx_word' id='word_1_185' title='bbox 681 2055 738 2094; x_wconf 80' lang='lat' dir='ltr'>Cl.</span> <span class='ocrx_word' id='word_1_186' title='bbox 771 2057 996 2092; x_wconf 87' lang='lat' dir='ltr'>Bremser</span> <span class='ocrx_word' id='word_1_187' title='bbox 1038 2057 1258 2094; x_wconf 80' lang='lat' dir='ltr'>distinctam</span> <span class='ocrx_word' id='word_1_188' title='bbox 1301 2060 1399 2096; x_wconf 84' lang='lat' dir='ltr'>hanc</span> <span class='ocrx_word' id='word_1_189' title='bbox 1435 2065 1471 2094; x_wconf 86' lang='lat' dir='ltr'>et</span> <span class='ocrx_word' id='word_1_190' title='bbox 1509 2059 1743 2107; x_wconf 78' lang='lat' dir='ltr'>singularem</span> <span class='ocrx_word' id='word_1_191' title='bbox 1779 2057 1947 2105; x_wconf 87' lang='lat' dir='ltr'>speciem</span> <span class='ocrx_word' id='word_1_192' title='bbox 1982 2060 2175 2098; x_wconf 82' lang='lat' dir='ltr'>Acantho—</span> 
     </span>
     <span class='ocr_line' id='line_1_25' title="bbox 222 2121 2173 2172; baseline 0.001 -13"><span class='ocrx_word' id='word_1_193' title='bbox 222 2122 369 2170; x_wconf 79' lang='lat' dir='ltr'>cephali</span> <span class='ocrx_word' id='word_1_194' title='bbox 397 2122 512 2158; x_wconf 88' lang='lat' dir='ltr'>octies</span> <span class='ocrx_word' id='word_1_195' title='bbox 539 2121 578 2156; x_wconf 89' lang='lat' dir='ltr'>in</span> <span class='ocrx_word' id='word_1_196' title='bbox 613 2121 669 2157; x_wconf 90' lang='lat' dir='ltr'>bis</span> <span class='ocrx_word' id='word_1_197' title='bbox 700 2122 804 2157; x_wconf 89' lang='lat' dir='ltr'>mille</span> <span class='ocrx_word' id='word_1_198' title='bbox 840 2129 877 2157; x_wconf 88' lang='lat' dir='ltr'>et</span> <span class='ocrx_word' id='word_1_199' title='bbox 909 2122 1114 2172; x_wconf 79' lang='lat' dir='ltr'>nonaginta</span> <span class='ocrx_word' id='word_1_200' title='bbox 1149 2124 1310 2172; x_wconf 80' lang='lat' dir='ltr'>quinque</span> <span class='ocrx_word' id='word_1_201' title='bbox 1349 2124 1521 2161; x_wconf 77' lang='lat' dir='ltr'>dissectis</span> <span class='ocrx_word' id='word_1_202' title='bbox 1549 2124 1718 2159; x_wconf 78' lang='lat' dir='ltr'>Mur-ium</span> <span class='ocrx_word' id='word_1_203' title='bbox 1755 2122 1940 2157; x_wconf 84' lang='lat' dir='ltr'>arvalium</span> <span class='ocrx_word' id='word_1_204' title='bbox 1971 2124 2173 2172; x_wconf 78' lang='lat' dir='ltr'>intestinis,</span> 
     </span>
     <span class='ocr_line' id='line_1_26' title="bbox 222 2186 2174 2237; baseline 0.002 -15"><span class='ocrx_word' id='word_1_205' title='bbox 222 2194 259 2223; x_wconf 89' lang='lat' dir='ltr'>et</span> <span class='ocrx_word' id='word_1_206' title='bbox 285 2186 437 2235; x_wconf 88' lang='lat' dir='ltr'>quidem</span> <span class='ocrx_word' id='word_1_207' title='bbox 464 2194 524 2222; x_wconf 82' lang='lat' dir='ltr'>ter</span> <span class='ocrx_word' id='word_1_208' title='bbox 549 2193 691 2222; x_wconf 81' lang='lat' dir='ltr'>aestate</span> <span class='ocrx_word' id='word_1_209' title='bbox 719 2187 913 2235; x_wconf 84' lang='lat' dir='ltr'>quinquies</span> <span class='ocrx_word' id='word_1_210' title='bbox 942 2195 1144 2233; x_wconf 77' lang='lat' dir='ltr'>autunum,</span> <span class='ocrx_word' id='word_1_211' title='bbox 1191 2191 1309 2226; x_wconf 88' lang='lat' dir='ltr'>semel</span> <span class='ocrx_word' id='word_1_212' title='bbox 1336 2198 1518 2227; x_wconf 88' lang='lat' dir='ltr'>autumno</span> <span class='ocrx_word' id='word_1_213' title='bbox 1541 2191 1579 2226; x_wconf 90' lang='lat' dir='ltr'>in</span> <span class='ocrx_word' id='word_1_214' title='bbox 1607 2187 1854 2237; x_wconf 85' lang='lat' dir='ltr'>Arctomydis</span> <span class='ocrx_word' id='word_1_215' title='bbox 1882 2186 2028 2224; x_wconf 87' lang='lat' dir='ltr'>Criceti</span> <span class='ocrx_word' id='word_1_216' title='bbox 2054 2190 2174 2225; x_wconf 83' lang='lat' dir='ltr'>tenui-</span> 
     </span>
     <span class='ocr_line' id='line_1_27' title="bbox 219 2238 2174 2300; baseline 0.001 -12"><span class='ocrx_word' id='word_1_217' title='bbox 219 2253 311 2298; x_wconf 84' lang='lat' dir='ltr'>bus,</span> <span class='ocrx_word' id='word_1_218' title='bbox 365 2253 485 2288; x_wconf 86' lang='lat' dir='ltr'>semel</span> <span class='ocrx_word' id='word_1_219' title='bbox 511 2251 711 2300; x_wconf 86' lang='lat' dir='ltr'>perasitice</span> <span class='ocrx_word' id='word_1_220' title='bbox 739 2252 779 2287; x_wconf 87' lang='lat' dir='ltr'>in</span> <span class='ocrx_word' id='word_1_221' title='bbox 807 2253 987 2288; x_wconf 82' lang='lat' dir='ltr'>Mustelae</span> <span class='ocrx_word' id='word_1_222' title='bbox 1015 2238 1178 2299; x_wconf 75' lang='lat' dir='ltr'>Putorii,</span> <span class='ocrx_word' id='word_1_223' title='bbox 1234 2263 1271 2291; x_wconf 87' lang='lat' dir='ltr'>et</span> <span class='ocrx_word' id='word_1_224' title='bbox 1303 2246 1445 2291; x_wconf 75' lang='lat' dir='ltr'>aestate</span> <span class='ocrx_word' id='word_1_225' title='bbox 1480 2255 1516 2290; x_wconf 87' lang='lat' dir='ltr'>in</span> <span class='ocrx_word' id='word_1_226' title='bbox 1546 2254 1717 2290; x_wconf 83' lang='lat' dir='ltr'>Falconis</span> <span class='ocrx_word' id='word_1_227' title='bbox 1744 2252 1938 2290; x_wconf 81' lang='lat' dir='ltr'>cineracei</span> <span class='ocrx_word' id='word_1_228' title='bbox 1964 2253 2174 2289; x_wconf 84' lang='lat' dir='ltr'>ventriculo</span> 
     </span>
     <span class='ocr_line' id='line_1_28' title="bbox 222 2316 2174 2370; baseline 0.001 -17"><span class='ocrx_word' id='word_1_229' title='bbox 222 2330 297 2353; x_wconf 90' lang='lat' dir='ltr'>una</span> <span class='ocrx_word' id='word_1_230' title='bbox 331 2329 420 2353; x_wconf 87' lang='lat' dir='ltr'>cum</span> <span class='ocrx_word' id='word_1_231' title='bbox 455 2316 624 2363; x_wconf 81' lang='lat' dir='ltr'>reliquiis</span> <span class='ocrx_word' id='word_1_232' title='bbox 652 2316 770 2351; x_wconf 82' lang='lat' dir='ltr'>Muris</span> <span class='ocrx_word' id='word_1_233' title='bbox 808 2316 1062 2366; x_wconf 78' lang='lat' dir='ltr'>semidigestis</span> <span class='ocrx_word' id='word_1_234' title='bbox 1096 2319 1266 2365; x_wconf 72' lang='lat' dir='ltr'>reperiit,</span> <span class='ocrx_word' id='word_1_235' title='bbox 1328 2319 1542 2370; x_wconf 81' lang='lat' dir='ltr'>Longitudo</span> <span class='ocrx_word' id='word_1_236' title='bbox 1576 2319 1832 2367; x_wconf 87' lang='lat' dir='ltr'>speciminum</span> <span class='ocrx_word' id='word_1_237' title='bbox 1866 2330 1979 2366; x_wconf 88' lang='lat' dir='ltr'>quam</span> <span class='ocrx_word' id='word_1_238' title='bbox 2004 2319 2174 2355; x_wconf 81' lang='lat' dir='ltr'>maxime</span> 
     </span>
     <span class='ocr_line' id='line_1_29' title="bbox 222 2374 2173 2432; baseline 0.001 -14"><span class='ocrx_word' id='word_1_239' title='bbox 222 2381 365 2426; x_wconf 81' lang='lat' dir='ltr'>variat,</span> <span class='ocrx_word' id='word_1_240' title='bbox 417 2380 578 2416; x_wconf 86' lang='lat' dir='ltr'>minima</span> <span class='ocrx_word' id='word_1_241' title='bbox 607 2380 753 2416; x_wconf 86' lang='lat' dir='ltr'>scilicet</span> <span class='ocrx_word' id='word_1_242' title='bbox 787 2379 875 2415; x_wconf 91' lang='lat' dir='ltr'>duos</span> <span class='ocrx_word' id='word_1_243' title='bbox 906 2381 1077 2418; x_wconf 80' lang='lat' dir='ltr'>maxima</span> <span class='ocrx_word' id='word_1_244' title='bbox 1110 2382 1245 2419; x_wconf 86' lang='lat' dir='ltr'>decem</span> <span class='ocrx_word' id='word_1_245' title='bbox 1271 2385 1430 2432; x_wconf 70' lang='lat' dir='ltr'>pollices,</span> <span class='ocrx_word' id='word_1_246' title='bbox 1460 2392 1496 2420; x_wconf 88' lang='lat' dir='ltr'>et</span> <span class='ocrx_word' id='word_1_247' title='bbox 1523 2384 1622 2419; x_wconf 75' lang='lat' dir='ltr'>ultra</span> <span class='ocrx_word' id='word_1_248' title='bbox 1649 2383 1881 2428; x_wconf 83' lang='lat' dir='ltr'>metiuntur,</span> <span class='ocrx_word' id='word_1_249' title='bbox 1929 2374 1969 2417; x_wconf 27' lang='lat' dir='ltr'>ets</span> <span class='ocrx_word' id='word_1_250' title='bbox 2001 2383 2173 2420; x_wconf 83' lang='lat' dir='ltr'>crassitie</span> 
     </span>
     <span class='ocr_line' id='line_1_30' title="bbox 223 2444 2174 2494; baseline 0.001 -12"><span class='ocrx_word' id='word_1_251' title='bbox 223 2447 314 2482; x_wconf 90' lang='lat' dir='ltr'>duas</span> <span class='ocrx_word' id='word_1_252' title='bbox 340 2446 401 2481; x_wconf 88' lang='lat' dir='ltr'>vel</span> <span class='ocrx_word' id='word_1_253' title='bbox 428 2444 519 2481; x_wconf 87' lang='lat' dir='ltr'>duas</span> <span class='ocrx_word' id='word_1_254' title='bbox 546 2452 583 2480; x_wconf 89' lang='lat' dir='ltr'>et</span> <span class='ocrx_word' id='word_1_255' title='bbox 608 2444 810 2481; x_wconf 84' lang='lat' dir='ltr'>dimidiam</span> <span class='ocrx_word' id='word_1_256' title='bbox 835 2445 953 2481; x_wconf 83' lang='lat' dir='ltr'>lineas</span> <span class='ocrx_word' id='word_1_257' title='bbox 982 2446 1205 2494; x_wconf 71' lang='lat' dir='ltr'>adaequant,</span> <span class='ocrx_word' id='word_1_258' title='bbox 1259 2450 1452 2486; x_wconf 84' lang='lat' dir='ltr'>Proboscis</span> <span class='ocrx_word' id='word_1_259' title='bbox 1480 2449 1762 2494; x_wconf 78' lang='lat' dir='ltr'>minutissima,</span> <span class='ocrx_word' id='word_1_260' title='bbox 1796 2449 1860 2484; x_wconf 82' lang='lat' dir='ltr'>vix</span> <span class='ocrx_word' id='word_1_261' title='bbox 1888 2449 1990 2484; x_wconf 84' lang='lat' dir='ltr'>enim</span> <span class='ocrx_word' id='word_1_262' title='bbox 2018 2448 2174 2484; x_wconf 81' lang='lat' dir='ltr'>tertiam</span> 
     </span>
     <span class='ocr_line' id='line_1_31' title="bbox 221 2510 2172 2561; baseline 0.001 -14"><span class='ocrx_word' id='word_1_263' title='bbox 221 2512 344 2547; x_wconf 87' lang='lat' dir='ltr'>lineae</span> <span class='ocrx_word' id='word_1_264' title='bbox 371 2517 521 2559; x_wconf 85' lang='lat' dir='ltr'>partem</span> <span class='ocrx_word' id='word_1_265' title='bbox 538 2510 671 2560; x_wconf 79' lang='lat' dir='ltr'>longa,</span> <span class='ocrx_word' id='word_1_266' title='bbox 699 2517 847 2545; x_wconf 86' lang='lat' dir='ltr'>sextam</span> <span class='ocrx_word' id='word_1_267' title='bbox 865 2522 1014 2555; x_wconf 73' lang='lat' dir='ltr'>crassa,</span> <span class='ocrx_word' id='word_1_268' title='bbox 1041 2511 1078 2547; x_wconf 90' lang='lat' dir='ltr'>in</span> <span class='ocrx_word' id='word_1_269' title='bbox 1098 2512 1204 2560; x_wconf 86' lang='lat' dir='ltr'>apice</span> <span class='ocrx_word' id='word_1_270' title='bbox 1222 2513 1351 2550; x_wconf 87' lang='lat' dir='ltr'>obtusa</span> <span class='ocrx_word' id='word_1_271' title='bbox 1377 2515 1437 2550; x_wconf 90' lang='lat' dir='ltr'>vel</span> <span class='ocrx_word' id='word_1_272' title='bbox 1464 2521 1640 2549; x_wconf 85' lang='lat' dir='ltr'>truncata</span> <span class='ocrx_word' id='word_1_273' title='bbox 1666 2513 1705 2549; x_wconf 90' lang='lat' dir='ltr'>in</span> <span class='ocrx_word' id='word_1_274' title='bbox 1733 2513 1873 2549; x_wconf 89' lang='lat' dir='ltr'>duobus</span> <span class='ocrx_word' id='word_1_275' title='bbox 1901 2514 2172 2561; x_wconf 87' lang='lat' dir='ltr'>speciminibus</span> 
     </span>
     <span class='ocr_line' id='line_1_32' title="bbox 223 2575 2173 2626; baseline 0.001 -14"><span class='ocrx_word' id='word_1_276' title='bbox 223 2590 358 2626; x_wconf 87' lang='lat' dir='ltr'>parum</span> <span class='ocrx_word' id='word_1_277' title='bbox 385 2578 594 2613; x_wconf 88' lang='lat' dir='ltr'>incrassata</span> <span class='ocrx_word' id='word_1_278' title='bbox 621 2575 848 2611; x_wconf 81' lang='lat' dir='ltr'>uncinorum</span> <span class='ocrx_word' id='word_1_279' title='bbox 876 2575 1220 2611; x_wconf 79' lang='lat' dir='ltr'>minutissimorum</span> <span class='ocrx_word' id='word_1_280' title='bbox 1255 2585 1293 2613; x_wconf 85' lang='lat' dir='ltr'>et</span> <span class='ocrx_word' id='word_1_281' title='bbox 1325 2577 1638 2614; x_wconf 86' lang='lat' dir='ltr'>tenuissimorum</span> <span class='ocrx_word' id='word_1_282' title='bbox 1673 2576 1841 2612; x_wconf 83' lang='lat' dir='ltr'>seriebus</span> <span class='ocrx_word' id='word_1_283' title='bbox 1870 2577 1975 2613; x_wconf 90' lang='lat' dir='ltr'>circa</span> <span class='ocrx_word' id='word_1_284' title='bbox 2001 2577 2173 2625; x_wconf 83' lang='lat' dir='ltr'>sedecim</span> 
     </span>
     <span class='ocr_line' id='line_1_33' title="bbox 224 2632 2176 2689; baseline 0 -12"><span class='ocrx_word' id='word_1_285' title='bbox 224 2642 385 2680; x_wconf 76' lang='lat' dir='ltr'>munita.</span> <span class='ocrx_word' id='word_1_286' title='bbox 438 2638 586 2676; x_wconf 84' lang='lat' dir='ltr'>Collum</span> <span class='ocrx_word' id='word_1_287' title='bbox 626 2640 784 2680; x_wconf 75' lang='lat' dir='ltr'>nullum,</span> <span class='ocrx_word' id='word_1_288' title='bbox 848 2637 991 2687; x_wconf 82' lang='lat' dir='ltr'>Corpus</span> <span class='ocrx_word' id='word_1_289' title='bbox 1026 2638 1123 2675; x_wconf 77' lang='lat' dir='ltr'>&#39;duas</span> <span class='ocrx_word' id='word_1_290' title='bbox 1161 2633 1265 2688; x_wconf 82' lang='lat' dir='ltr'>quasi</span> <span class='ocrx_word' id='word_1_291' title='bbox 1306 2641 1345 2677; x_wconf 93' lang='lat' dir='ltr'>in</span> <span class='ocrx_word' id='word_1_292' title='bbox 1385 2638 1515 2689; x_wconf 55' lang='lat' dir='ltr'>&#39;partes</span> <span class='ocrx_word' id='word_1_293' title='bbox 1557 2640 1752 2685; x_wconf 78' lang='lat' dir='ltr'>divisum,</span> <span class='ocrx_word' id='word_1_294' title='bbox 1812 2639 1971 2687; x_wconf 79' lang='lat' dir='ltr'>quarum</span> <span class='ocrx_word' id='word_1_295' title='bbox 2007 2632 2176 2677; x_wconf 81' lang='lat' dir='ltr'>anterior</span> 
     </span>
     <span class='ocr_line' id='line_1_34' title="bbox 222 2701 2172 2755; baseline 0 -14"><span class='ocrx_word' id='word_1_296' title='bbox 222 2706 420 2755; x_wconf 83' lang='lat' dir='ltr'>posteriori</span> <span class='ocrx_word' id='word_1_297' title='bbox 445 2705 501 2740; x_wconf 90' lang='lat' dir='ltr'>bis</span> <span class='ocrx_word' id='word_1_298' title='bbox 526 2705 691 2754; x_wconf 77' lang='lat' dir='ltr'>longior,</span> <span class='ocrx_word' id='word_1_299' title='bbox 718 2701 721 2703; x_wconf 45' lang='grc'><strong><em>’</em></strong></span> <span class='ocrx_word' id='word_1_300' title='bbox 747 2704 935 2740; x_wconf 85' lang='lat' dir='ltr'>stricturis</span> <span class='ocrx_word' id='word_1_301' title='bbox 962 2705 1189 2741; x_wconf 83' lang='lat' dir='ltr'>transversis</span> <span class='ocrx_word' id='word_1_302' title='bbox 1216 2707 1340 2742; x_wconf 85' lang='lat' dir='ltr'>antice</span> <span class='ocrx_word' id='word_1_303' title='bbox 1369 2701 1485 2755; x_wconf 79' lang='lat' dir='ltr'>aeque</span> <span class='ocrx_word' id='word_1_304' title='bbox 1513 2705 1756 2749; x_wconf 79' lang='lat' dir='ltr'>distantibus,</span> <span class='ocrx_word' id='word_1_305' title='bbox 1804 2703 1931 2740; x_wconf 87' lang='lat' dir='ltr'>media</span> <span class='ocrx_word' id='word_1_306' title='bbox 1957 2713 2063 2753; x_wconf 86' lang='lat' dir='ltr'>parte</span> <span class='ocrx_word' id='word_1_307' title='bbox 2092 2719 2172 2741; x_wconf 83' lang='lat' dir='ltr'>ma-</span> 
     </span>
     <span class='ocr_line' id='line_1_35' title="bbox 222 2763 2170 2818; baseline -0.002 -11"><span class='ocrx_word' id='word_1_308' title='bbox 222 2771 362 2818; x_wconf 82' lang='lat' dir='ltr'>joribus</span> <span class='ocrx_word' id='word_1_309' title='bbox 406 2777 443 2805; x_wconf 89' lang='lat' dir='ltr'>et</span> <span class='ocrx_word' id='word_1_310' title='bbox 482 2769 737 2817; x_wconf 85' lang='lat' dir='ltr'>inaequalibus</span> <span class='ocrx_word' id='word_1_311' title='bbox 781 2770 868 2805; x_wconf 85' lang='lat' dir='ltr'>dein</span> <span class='ocrx_word' id='word_1_312' title='bbox 912 2769 1051 2805; x_wconf 86' lang='lat' dir='ltr'>iterum</span> <span class='ocrx_word' id='word_1_313' title='bbox 1094 2771 1304 2807; x_wconf 88' lang='lat' dir='ltr'>minoribus</span> <span class='ocrx_word' id='word_1_314' title='bbox 1346 2763 1399 2807; x_wconf 81' lang='lat' dir='ltr'>ita</span> <span class='ocrx_word' id='word_1_315' title='bbox 1441 2771 1652 2818; x_wconf 83' lang='lat' dir='ltr'>intercepta</span> <span class='ocrx_word' id='word_1_316' title='bbox 1694 2775 1772 2815; x_wconf 79' lang='lat' dir='ltr'>est,</span> <span class='ocrx_word' id='word_1_317' title='bbox 1825 2777 1867 2804; x_wconf 85' lang='lat' dir='ltr'>ut</span> <span class='ocrx_word' id='word_1_318' title='bbox 1906 2770 2048 2805; x_wconf 80' lang='lat' dir='ltr'>vermis</span> <span class='ocrx_word' id='word_1_319' title='bbox 2084 2769 2170 2804; x_wconf 85' lang='lat' dir='ltr'>inde</span> 
     </span>
     <span class='ocr_line' id='line_1_36' title="bbox 224 2833 2171 2884; baseline -0.002 -12"><span class='ocrx_word' id='word_1_320' title='bbox 224 2836 345 2883; x_wconf 74' lang='lat' dir='ltr'>aliqno</span> <span class='ocrx_word' id='word_1_321' title='bbox 379 2835 488 2870; x_wconf 90' lang='lat' dir='ltr'>modo</span> <span class='ocrx_word' id='word_1_322' title='bbox 529 2835 694 2871; x_wconf 86' lang='lat' dir='ltr'>formam</span> <span class='ocrx_word' id='word_1_323' title='bbox 735 2835 857 2871; x_wconf 87' lang='lat' dir='ltr'>lineae</span> <span class='ocrx_word' id='word_1_324' title='bbox 895 2835 1196 2884; x_wconf 81' lang='lat' dir='ltr'>margaritarum</span> <span class='ocrx_word' id='word_1_325' title='bbox 1232 2835 1431 2883; x_wconf 76' lang='lat' dir='ltr'>adquirat3</span> <span class='ocrx_word' id='word_1_326' title='bbox 1491 2834 1633 2882; x_wconf 85' lang='lat' dir='ltr'>postica</span> <span class='ocrx_word' id='word_1_327' title='bbox 1665 2844 1752 2881; x_wconf 84' lang='lat' dir='ltr'>pars</span> <span class='ocrx_word' id='word_1_328' title='bbox 1787 2839 1888 2868; x_wconf 82' lang='lat' dir='ltr'>teres</span> <span class='ocrx_word' id='word_1_329' title='bbox 1922 2841 1959 2869; x_wconf 89' lang='lat' dir='ltr'>et</span> <span class='ocrx_word' id='word_1_330' title='bbox 1993 2833 2171 2880; x_wconf 68' lang='lat' dir='ltr'>aequalis,</span> 
     </span>
     <span class='ocr_line' id='line_1_37' title="bbox 225 2892 1769 2949; baseline 0.001 -13"><span class='ocrx_word' id='word_1_331' title='bbox 225 2901 330 2949; x_wconf 86' lang='lat' dir='ltr'>apice</span> <span class='ocrx_word' id='word_1_332' title='bbox 359 2899 506 2936; x_wconf 86' lang='lat' dir='ltr'>caudali</span> <span class='ocrx_word' id='word_1_333' title='bbox 532 2901 689 2936; x_wconf 78' lang='lat' dir='ltr'>incurvo</span> <span class='ocrx_word' id='word_1_334' title='bbox 718 2913 762 2936; x_wconf 91' lang='lat' dir='ltr'>ac</span> <span class='ocrx_word' id='word_1_335' title='bbox 789 2901 930 2936; x_wconf 86' lang='lat' dir='ltr'>iterum</span> <span class='ocrx_word' id='word_1_336' title='bbox 956 2901 1012 2936; x_wconf 88' lang='lat' dir='ltr'>bis</span> <span class='ocrx_word' id='word_1_337' title='bbox 1041 2900 1243 2936; x_wconf 86' lang='lat' dir='ltr'>constricto</span> <span class='ocrx_word' id='word_1_338' title='bbox 1270 2901 1471 2938; x_wconf 72' lang='lat' dir='ltr'>instructa·</span> <span class='ocrx_word' id='word_1_339' title='bbox 1766 2892 1769 2895; x_wconf 67' lang='lat'><em>,</em></span> 
     </span>
    </p>
   </div>
   <div class='ocr_carea' id='block_1_13' title="bbox 222 3031 1528 3161">
    <p class='ocr_par' dir='ltr' id='par_1_13' title="bbox 222 3031 1528 3161">
     <span class='ocr_line' id='line_1_38' title="bbox 222 3031 1486 3093; baseline 0.003 -19"><span class='ocrx_word' id='word_1_340' title='bbox 222 3036 298 3091; x_wconf 81' lang='lat'>47)</span> <span class='ocrx_word' id='word_1_341' title='bbox 360 3031 774 3090; x_wconf 63' lang='lat' dir='ltr'>Echinorhynchus</span> <span class='ocrx_word' id='word_1_342' title='bbox 816 3042 1069 3077; x_wconf 82' lang='lat' dir='ltr'>contortus.</span> <span class='ocrx_word' id='word_1_343' title='bbox 1128 3035 1298 3081; x_wconf 82' lang='lat' dir='ltr'>Brems.</span> <span class='ocrx_word' id='word_1_344' title='bbox 1330 3049 1376 3078; x_wconf 87' lang='lat' dir='ltr'>n.</span> <span class='ocrx_word' id='word_1_345' title='bbox 1409 3040 1486 3093; x_wconf 54' lang='grc' dir='ltr'>εἷλ’</span> 
     </span>
     <span class='ocr_line' id='line_1_39' title="bbox 307 3104 1528 3161; baseline 0.001 -12"><span class='ocrx_word' id='word_1_346' title='bbox 307 3104 459 3160; x_wconf 75' lang='lat' dir='ltr'>Synon.</span> <span class='ocrx_word' id='word_1_347' title='bbox 505 3119 580 3149; x_wconf 78' lang='lat' dir='ltr'><em>Ech.</em></span> <span class='ocrx_word' id='word_1_348' title='bbox 614 3119 804 3150; x_wconf 50' lang='lat' dir='ltr'>collus-ionis.</span> <span class='ocrx_word' id='word_1_349' title='bbox 849 3119 1069 3157; x_wconf 81' lang='lat' dir='ltr'>Rudolphi</span> <span class='ocrx_word' id='word_1_350' title='bbox 1104 3119 1242 3161; x_wconf 83' lang='lat' dir='ltr'>Synops.</span> <span class='ocrx_word' id='word_1_351' title='bbox 1276 3131 1307 3159; x_wconf 91' lang='lat' dir='ltr'>p.</span> <span class='ocrx_word' id='word_1_352' title='bbox 1323 3121 1375 3159; x_wconf 80' lang='lat'>76.</span> <span class='ocrx_word' id='word_1_353' title='bbox 1407 3131 1457 3151; x_wconf 72' lang='lat' dir='ltr'>nr.</span> <span class='ocrx_word' id='word_1_354' title='bbox 1476 3125 1528 3160; x_wconf 83' lang='grc'>58.</span> 
     </span>
    </p>
   </div>
   <div class='ocr_carea' id='block_1_14' title="bbox 309 3195 2170 3239">
    <p class='ocr_par' dir='ltr' id='par_1_14' title="bbox 309 3195 2170 3239">
     <span class='ocr_line' id='line_1_40' title="bbox 309 3195 2170 3239; baseline -0.001 -13"><span class='ocrx_word' id='word_1_355' title='bbox 309 3196 487 3239; x_wconf 61' lang='lat' dir='ltr'>§hai-act.</span> <span class='ocrx_word' id='word_1_356' title='bbox 531 3198 703 3229; x_wconf 86' lang='lat' dir='ltr'>Proboscis</span> <span class='ocrx_word' id='word_1_357' title='bbox 725 3198 923 3238; x_wconf 77' lang='lat' dir='ltr'>cylindrica,</span> <span class='ocrx_word' id='word_1_358' title='bbox 957 3199 1153 3228; x_wconf 72' lang='lat' dir='ltr'>uncinorum</span> <span class='ocrx_word' id='word_1_359' title='bbox 1171 3207 1337 3230; x_wconf 80' lang='lat' dir='ltr'>acutorum</span> <span class='ocrx_word' id='word_1_360' title='bbox 1359 3198 1502 3228; x_wconf 70' lang='lat' dir='ltr'>seriebus</span> <span class='ocrx_word' id='word_1_361' title='bbox 1526 3198 1682 3236; x_wconf 76' lang='lat' dir='ltr'>sedecim3</span> <span class='ocrx_word' id='word_1_362' title='bbox 1725 3195 1847 3227; x_wconf 84' lang='lat' dir='ltr'>collum</span> <span class='ocrx_word' id='word_1_363' title='bbox 1868 3195 2013 3235; x_wconf 76' lang='lat' dir='ltr'>nullum3</span> <span class='ocrx_word' id='word_1_364' title='bbox 2057 3203 2170 3235; x_wconf 80' lang='lat' dir='ltr'>corpus</span> 
     </span>
    </p>
   </div>
   <div class='ocr_carea' id='block_1_15' title="bbox 476 3255 922 3284">
    <p class='ocr_par' dir='ltr' id='par_1_15' title="bbox 476 3255 922 3284">
     <span class='ocr_line' id='line_1_41' title="bbox 476 3255 922 3284; baseline 0 0"><span class='ocrx_word' id='word_1_365' title='bbox 476 3263 556 3284; x_wconf 79' lang='lat' dir='ltr'>teres</span> <span class='ocrx_word' id='word_1_366' title='bbox 579 3255 720 3284; x_wconf 80' lang='lat' dir='ltr'>incisum</span> <span class='ocrx_word' id='word_1_367' title='bbox 743 3255 922 3284; x_wconf 86' lang='lat' dir='ltr'>incurvum.</span> 
     </span>
    </p>
   </div>
   <div class='ocr_carea' id='block_1_16' title="bbox 310 3330 1155 3365">
    <p class='ocr_par' dir='ltr' id='par_1_16' title="bbox 310 3330 1155 3365">
     <span class='ocr_line' id='line_1_42' title="bbox 310 3330 1155 3365; baseline 0.004 -4"><span class='ocrx_word' id='word_1_368' title='bbox 310 3332 409 3363; x_wconf 82' lang='lat' dir='ltr'>Hab.</span> <span class='ocrx_word' id='word_1_369' title='bbox 453 3332 492 3362; x_wconf 91' lang='lat' dir='ltr'>In</span> <span class='ocrx_word' id='word_1_370' title='bbox 520 3333 682 3363; x_wconf 81' lang='lat' dir='ltr'>intestinis</span> <span class='ocrx_word' id='word_1_371' title='bbox 716 3330 840 3361; x_wconf 80' lang='lat' dir='ltr'>Lanii</span> <span class='ocrx_word' id='word_1_372' title='bbox 873 3331 1155 3365; x_wconf 77' lang='lat' dir='ltr'>Collurionis.</span> 
     </span>
    </p>
   </div>
   <div class='ocr_carea' id='block_1_17' title="bbox 221 3406 2169 3527">
    <p class='ocr_par' dir='ltr' id='par_1_17' title="bbox 221 3406 2169 3527">
     <span class='ocr_line' id='line_1_43' title="bbox 339 3406 2169 3459; baseline -0.004 -11"><span class='ocrx_word' id='word_1_373' title='bbox 339 3406 343 3407; x_wconf 42' lang='lat'><em>⁷</em></span> <span class='ocrx_word' id='word_1_374' title='bbox 376 3410 618 3458; x_wconf 75' lang='lat' dir='ltr'>Descript.</span> <span class='ocrx_word' id='word_1_375' title='bbox 670 3411 834 3447; x_wconf 84' lang='lat' dir='ltr'>Vermes</span> <span class='ocrx_word' id='word_1_376' title='bbox 868 3410 966 3448; x_wconf 86' lang='lat' dir='ltr'>hanc</span> <span class='ocrx_word' id='word_1_377' title='bbox 1002 3413 1169 3459; x_wconf 85' lang='lat' dir='ltr'>speciem</span> <span class='ocrx_word' id='word_1_378' title='bbox 1210 3424 1345 3448; x_wconf 74' lang='lat' dir='ltr'>novam</span> <span class='ocrx_word' id='word_1_379' title='bbox 1380 3413 1676 3453; x_wconf 81' lang='lat' dir='ltr'>constituentes,</span> <span class='ocrx_word' id='word_1_380' title='bbox 1727 3420 1819 3445; x_wconf 85' lang='lat' dir='ltr'>vere</span> <span class='ocrx_word' id='word_1_381' title='bbox 1859 3406 1978 3442; x_wconf 81' lang='lat' dir='ltr'>semel</span> <span class='ocrx_word' id='word_1_382' title='bbox 2012 3407 2169 3454; x_wconf 83' lang='lat' dir='ltr'>reperti,</span> 
     </span>
     <span class='ocr_line' id='line_1_44' title="bbox 221 3471 2169 3527; baseline -0.005 -13"><span class='ocrx_word' id='word_1_383' title='bbox 221 3485 379 3527; x_wconf 85' lang='lat' dir='ltr'>quatuor</span> <span class='ocrx_word' id='word_1_384' title='bbox 398 3475 502 3511; x_wconf 83' lang='lat' dir='ltr'>circa</span> <span class='ocrx_word' id='word_1_385' title='bbox 523 3476 641 3513; x_wconf 87' lang='lat' dir='ltr'>lineas</span> <span class='ocrx_word' id='word_1_386' title='bbox 663 3477 790 3526; x_wconf 77' lang='lat' dir='ltr'>longa,</span> <span class='ocrx_word' id='word_1_387' title='bbox 820 3477 946 3523; x_wconf 84' lang='lat' dir='ltr'>albidi,</span> <span class='ocrx_word' id='word_1_388' title='bbox 977 3476 1196 3527; x_wconf 86' lang='lat' dir='ltr'>proboscide</span> <span class='ocrx_word' id='word_1_389' title='bbox 1221 3476 1431 3525; x_wconf 80' lang='lat' dir='ltr'>cylindrica</span> <span class='ocrx_word' id='word_1_390' title='bbox 1457 3476 1604 3524; x_wconf 86' lang='lat' dir='ltr'>corpori</span> <span class='ocrx_word' id='word_1_391' title='bbox 1627 3471 1977 3520; x_wconf 85' lang='lat' dir='ltr'>obliqueimposita,</span> <span class='ocrx_word' id='word_1_392' title='bbox 2003 3471 2044 3506; x_wconf 87' lang='lat' dir='ltr'>in</span> <span class='ocrx_word' id='word_1_393' title='bbox 2061 3472 2169 3521; x_wconf 82' lang='lat' dir='ltr'>apice</span> 
     </span>
    </p>
   </div>
   <div class='ocr_carea' id='block_1_18' title="bbox 1443 3543 1466 3580">
    <p class='ocr_par' dir='ltr' id='par_1_18' title="bbox 1443 3543 1466 3580">
     <span class='ocr_line' id='line_1_45' title="bbox 1443 3543 1466 3580; baseline 0 0"><span class='ocrx_word' id='word_1_394' title='bbox 1443 3543 1466 3580; x_wconf 93' lang='lat'><em>7</em></span> 
     </span>
    </p>
   </div>
  </div>
 </body>
</html>
