2520 4031
957 289 1068 311 —-—-<
1171 285 1216 322 13
1317 286 1422 311 διν-Ρ-

231 383 311 432 20)
371 377 781 435 Echinorhynchus
825 373 1226 434 globocaudatus„
1263 371 1371 427 Zerd.

316 486 364 528 Sy
378 497 467 518 non.
514 487 585 516 Ech.
606 483 843 528 globocaudatus
873 486 1001 514 Zeder
1024 484 1183 525 Nachtrag
1199 470 1308 523 pdzss.
1336 468 1469 524 Natat-g.
1493 467 1604 523 p.v153.
1626 469 1673 513 tir.
1690 470 1736 523 13}
1782 472 2006 528 Rudo'lp‘lii'
2024 489 2161 530 Syno1m

481 554 513 582 p.
528 544 578 574 66.
602 550 681 582 3¹4f
702 551 753 570 nr.
771 547 819 578 13.
865 541 1034 570 Entozool.
1058 550 1092 577 p.
1108 540 1182 576 264.
1205 550 1253 569 nt.
1276 548 1336 571 uu
1887 554 1896 558 -
2055 548 2066 556 ¹>

317 633 498 666 Charact.
542 633 706 667 Proboscis
733 633 840 662 medio
871 633 1041 666 incrassata
1070 631 1269 666 uncinorum¹
1291 630 1432 665 seriebus
1449 651 1458 666 ,
1506 632 1622 672 viginti
1653 639 1815 672 quatuor,
1861 633 2162 668 collu11tnullun12

485 698 599 729 corpus
620 689 847 729 longissimum
876 688 1001 725 postica
1028 686 1246 715 rotundatum.
1844 683 1847 686 ‘

318 781 416 811 Hah.
460 781 500 810 In
522 780 679 809 intestinis
710 777 864 819 strigis
897 776 1110 814 Alkuseonis
1144 784 1181 813 et,
1205 779 1458 815 passm-inae.

382 882 620 932 Descript,
663 881 825 920 'zeder
860 882 1004 931 primus
1037 883 1076 918 in
1104 881 1333 928 Passeriuaf
1359 881 1553 918 Nitzsch
1588 886 1625 918 et
1662 882 1884 919 Bremser
1922 893 2045 932 postea
2078 886 2165 933 (hic

233 964 322 987 vere
349 950 487 995 semel,
514 955 671 985 aestate
699 955 778 993 ter,
821 955 1000 984 autumno
1027 947 1153 983 decies
1180 947 1338 994 septies,
1378 946 1506 983 hieme
1534 947 1652 982 vicies
1680 948 1899 995 quinquies)
1934 950 1972 985 in
1996 950 2165 987 Alucone

232 1014 397 1063 speciem
424 1014 524 1050 hanc
550 1013 741 1061 reperiere
758 1039 769 1057 ,
825 1024 869 1048 ex
897 1024 967 1059 qua
994 1011 1172 1048 ulteriore
1207 1011 1416 1058 specimina
1449 1011 1568 1046 oblata
1586 1037 1598 1056 ,
1653 1009 1852 1048 duodecim
1886 1025 1998 1060 usque
2024 1014 2167 1064 :viginti

229 1079 348 1115 lineas
374 1078 595 1117 metiuntur.
655 1076 846 1112 Proboscis
871 1075 997 1111 medio
1023 1076 1237 1139 incrassata‘
1241 1100 1268 1119 ,1
1286 1075 1458 1122 plurimis
1488 1075 1655 1110 seriebus
1683 1070 2167 1115 uncinorum›minutorum

230 1143 373 1178 munita
403 1150 484 1188 est3
537 1154 670 1190 corpus
697 1147 797 1176 teres
825 1140 1004 1187 aequale,
1059 1147 1273 1175 antrorsum
1302 1138 1346 1174 ab
1372 1137 1451 1185 ipsa
1478 1137 1694 1185 proboscide
1721 1139 1952 1175 terminatur
1968 1158 1979 1186 3
2021 1150 2168 1179 retror-

229 1219 314 1249 sum
342 1207 447 1254 apice
476 1206 622 1243 caudali
649 1204 865 1248 rotundato,
904 1203 1052 1250 f'papilla
1078 1215 1194 1250 parva
1221 1202 1444 1259 termipato,
1477 1212 1483 1230 ⁷
1491 1203 1550 1237 vel
1577 1202 1721 1251 globulo
1748 1204 1943 1239 rostellum
1968 1204 2177 1243 incurvum.

228 1270 498 1306 brevissimum
526 1270 742 1313 emittente,
793 1267 1019 1302 instructum
1048 1273 1116 1305 esti
1162 1265 1514 1300 zeder-vermes
1542 1264 1611 1300 sibi
1638 1265 1756 1311 visos,
1801 1268 1893 1302 collo
1921 1267 2027 1305 brevi
2055 1270 2171 1318 cylin—
2206 1266 2217 1273 ‘

230 1334 353 1380 drico,
406 1334 621 1382 proboscide
651 1340 687 1368 et
713 1344 867 1379 corpore
894 1329 1090 1373 tenuiore,
1140 1335 1176 1363 et
1203 1328 1276 1363 hac
1303 1327 1347 1363 de
1375 1341 1417 1363 re
1444 1328 1645 1373 distincto,
1697 1329 1899 1367 instructos
1927 1332 2042 1368 fuisse
2072 1334 2171 1369 affir-

231 1406 335 1443 mat,
378 1399 431 1439 cl.
458 1411 548 1434 vero
570 1395 825 1442 Rudolphi,
874 1392 935 1428 cui
962 1399 999 1427 et
1026 1398 1094 1441 ego
1122 1392 1304 1438 assentio,
1333 1391 1530 1428 ,ultimam
1558 1400 1706 1440 partem
1733 1395 1960 1442 proboscidis
1986 1409 2051 1444 pro
2079 1399 2170 1433 collo

230 1463 412 1511 posuisse·
429 1462 594 1500 adduxit.
658 1461 770 1494 Porro
804 1464 952 1505 partem
985 1456 1152 1491 anticam
1180 1456 1425 1492 constrictam
1453 1456 1568 1492 fuisse
1598 1457 1699 1493 nobis
1727 1459 1863 1505 affert,
1918 1460 1962 1495 de
1990 1462 2169 1499 strictura

230 1534 360 1562 autem
386 1526 458 1561 hac
495 1526 535 1561 in
569 1524 740 1560 omnibus
775 1521 871 1557 mihi
898 1520 989 1556 visis
1016 1521 1160 1556 nullum
1187 1521 1414 1570 vestigium,
1459 1520 1573 1568 (quod
1594 1521 1720 1557 facile
1749 1530 1877 1559 autem
1906 1524 2168 1571 explicandum

231 1602 320 1626 cum
353 1590 563 1638 specimina
599 1587 660 1622 diu
695 1587 773 1633 jam
807 1584 939 1633 spiritu
974 1592 1194 1630 asservata,
1248 1585 1399 1620 omnino
1433 1584 1617 1621 tumidula
1644 1587 1944 1633 suntreddita),
2000 1590 2168 1636 speciem

231 1661 366 1702 autem>
386 1652 578 1701 propriam
604 1663 677 1687 non
704 1649 931 1687 constituere
947 1663 975 1696 ,·
1015 1657 1095 1686 tam
1128 1662 1173 1685 ex
1207 1648 1434 1697 proboscidis
1470 1649 1622 1696 forma,
1677 1662 1790 1697 quam
1818 1652 2020 1700 praecipue
2053 1653 2168 1701 apicis

232 1717 398 1755 caudalis
433 1717 569 1757 elucet,

193 1931 311 1983 ἶ21)
372 1900 781 1983 Echinorliynchus
823 1924 1011 1971 cinctus.
1071 1925 1194 1971 Rud.

316 2036 464 2078 Synon.
509 2037 585 2069 Ech.
608 2037 730 2069 cinctus.
773 2035 989 2076 Rudolphi
1011 2038 1105 2076 p.66.
1130 2047 1203 2078 3140
1233 2048 1283 2070 nr.
1302 2041 1351 2076 141
1375 2013 1381 2023 a

318 2129 502 2162 Chai-act.
546 2130 715 2161 Proboscis
740 2128 837 2169 longa
859 2130 966 2158 medio
999 2130 1175 2160 incrassata
1190 2150 1199 2166 ,
1243 2131 1439 2160 uncinorum
1460 2129 1751 2162 minutissimorum
1782 2130 1925 2162 seriebus
1950 2131 2169 2172 quadraginta,

483 2195 596 2223 corpus
628 2185 804 2225 oblongum
834 2193 1015 2216 antrorsum
1043 2193 1239 2215 attenuatum
1269 2188 1392 2224 postice
1415 2186 1552 2218 lineare.

315 2277 414 2310 Hab.
458 2278 499 2307 In
520 2280 711 2310 mesenterio
743 2278 921 2309 Colubri
952 2279 1234 2309 atrovirentis
1266 2285 1297 2307 et
1324 2277 1498 2315 Viperae
1521 2276 1658 2309 Remi,

383 2386 418 2422 D
435 2397 523 2420 esc
540 2385 624 2432 rip
642 2392 669 2426 t,
723 2386 780 2424 Ill.
814 2384 1072 2432 Rudolphi,
1128 2383 1330 2420 notabilem
1365 2384 1465 2420 hunc
1494 2380 1861 2431 Echinorfiynchum
1895 2396 2026 2420 mense
2054 2384 2166 2431 Majo,

177 2491 183 2493 Α
231 2453 271 2488 in
297 2448 524 2487 mesenterio
552 2447 705 2485 Colubri
732 2449 970 2485 atrovirentis
1004 2449 1218 2484 examinato
1247 2447 1411 2489 offendit,
1473 2449 1590 2483 Multa
1619 2448 1722 2483 enim
1758 2449 1980 2495 corpuscula
2014 2449 2169 2497 oblonga

235 2516 375 2561 albida,
411 2514 500 2550 duas
527 2514 658 2550 tertias
685 2521 809 2562 partes
835 2514 956 2550 lineae
982 2515 1042 2549 vel
1069 2514 1260 2562 integram
1283 2514 1392 2562 longa
1419 2504 1641 2557 observans,
1678 2512 1717 2546 in
1745 2511 1802 2546 his
1829 2512 1987 2547 resectis
2008 2512 2168 2547 Echino-

234 2580 452 2629 r-hynchum
477 2578 636 2627 reperit,
684 2578 745 2626 qui
772 2579 912 2614 lineam
939 2585 1070 2626 quarta
1096 2577 1255 2613 tertiave
1283 2584 1389 2624 parte
1416 2577 1614 2624 superans,
1662 2575 1878 2623 proboscide
1907 2576 2026 2620 ovali,
2076 2577 2168 2612 collo

235 2645 384 2694 cingulo
411 2644 629 2679 aculeorum
655 2649 825 2688 armato,
880 2655 1033 2690 corpore
1068 2642 1221 2691 oblongo
1253 2641 1314 2676 vel
1341 2641 1462 2685 ovali,
1516 2640 1619 2688 apice
1650 2639 1796 2675 caudali
1831 2640 2079 2676 obtusiusculo
2115 2641 2168 2676 in-

235 2716 398 2746 structus
414 2707 500 2749 fuit.
551 2704 685 2743 Aculei
708 2706 933 2755 proboscidis
961 2706 1158 2742 duodecim
1185 2704 1531 2753 adqua‘tuordecim
1554 2704 1672 2739 series
1701 2704 1935 2749 formabant,
1963 2699 2056 2751 {luae
2082 2703 2168 2739 den-

235 2773 383 2809 sissime
410 2772 448 2807 in
476 2771 547 2807 hac
575 2771 644 2806 sibi
670 2763 856 2819 adposit'ae
885 2779 1013 2816 erant,
1042 2771 1081 2806 in
1104 2771 1194 2806 collo
1223 2771 1370 2805 aculeos
1398 2769 1555 2804 reflexos
1582 2769 1744 2814 majores
1772 2775 1808 2803 ct
1830 2768 1949 2804 laxius
1977 2767 2168 2815 dispositos

235 2839 283 2877 cl,
308 2837 369 2872 vir
395 2836 619 2876 observavit.
670 2835 834 2871 Unicum
860 2834 1053 2884 specimen
1079 2834 1169 2870 duas
1197 2847 1286 2870 cum
1314 2832 1470 2869 dimidia
1496 2833 1614 2868 lineas
1642 2834 1816 2880 lon-gum,
1848 2832 2008 2867 liberum
2035 2831 2169 2878 perito-

235 2914 328 2938 naeo
355 2900 575 2944 inhaerens,
618 2900 875 2947 proboscidem
903 2899 1062 2935 habebat
1088 2899 1351 2948 longissimam
1377 2897 1619 2942 teretiorem,
1664 2896 1788 2931 media
1816 2895 1855 2931 in
1881 2903 1986 2943 parte
2011 2896 2168 2931 crassio-

235 2978 340 3010 rem,
383 2964 506 3001 antica
531 2956 570 2999 'et
596 2965 758 3012 postica,
801 2977 893 3011 quae
919 2964 1064 3013 longior
1089 2964 1161 2999 illis
1179 2963 1352 3007 duabus,
1401 2961 1615 2997 tenuiorem
1643 2973 1686 2995 ac
1713 2960 1938 2995 uncinorum
1965 2959 2167 2995 minutissi-

234 3041 386 3065 morum
419 3028 585 3063 seriebus
620 3028 865 3077 quadraginta
899 3027 1130 3063 densissimis
1159 3027 1366 3072 munitam5
1419 3026 1557 3061 collum
1586 3025 1747 3070 nullum3
1791 3036 1924 3071 corpus
1952 3023 2164 3072 oblongum,

234 3100 447 3129 autrorsum
475 3099 729 3141 angustatum,
756 3099 965 3127 retrorsum
991 3092 1152 3137 tenuius,
1181 3091 1401 3139 apicemque
1424 3089 1611 3128 obtusum.
1663 3084 1893 3136 Corpuscula
1922 3087 1990 3122 duo
2009 3087 2163 3137 oblonga

238 3170 259 3193 a
285 3155 498 3204 proboscide
527 3163 656 3191 exorta
681 3169 748 3204 per
775 3169 957 3206 magnam
986 3157 1151 3204 corporis
1178 3163 1325 3203 partem
1352 3153 1647 3193 translucebant.
1790 3150 1795 3155 ’

382 3247 525 3283 Eodem
551 3247 590 3282 in
617 3259 746 3282 mense
773 3248 812 3283 in
838 3248 1065 3284 mesenterio
1094 3247 1258 3294 Viperae
1285 3245 1392 3281 Redii
1420 3246 1615 3281 sacculum
1649 3244 1774 3281 album
1803 3243 2001 3292 oblongum
2028 3241 2088 3277 vir
2114 3243 2162 3282 cl,

235 3311 385 3349 offendit
403 3338 414 3356 ‚
463 3311 606 3347 lineam
637 3312 791 3361 longum
808 3338 819 3357 ,
872 3312 911 3347 in
938 3326 1007 3360 quo
1034 3309 1375 3359 Echinorhynchus
1409 3309 1549 3345 lineam
1576 3310 1639 3346 vix
1666 3306 1850 3351 excedens
1876 3306 2039 3342 inclusus
2068 3314 2163 3352 erat,

236 3376 407 3413 omnibus
434 3374 473 3410 in
498 3375 593 3413 notis
621 3387 709 3411 cum
736 3375 918 3424 prioribus
946 3375 1147 3424 quadrans.

384 3465 465 3514 Ipse
485 3467 823 3517 Echinorhynchos
848 3467 914 3504 hos
938 3480 1011 3503 non
1033 3467 1131 3514 vidi,
1159 3479 1273 3516 quam
1297 3468 1341 3504 ob
1364 3479 1449 3503 rem
1471 3466 1586 3503 verba
1607 3465 1659 3503 ill.
1681 3463 1756 3500 viri
1773 3475 1859 3499 mea
1881 3462 2010 3497 facere
2034 3473 2159 3510 cogor,

1398 3528 1425 3562 ‘k
