2520 4031
192 386 235 420 In
264 382 445 420 nonnullis
472 381 735 430 speciminibus
769 380 853 417 colli
886 379 1030 414 nullum
1057 374 1286 427 vestigium,
1337 373 1376 410 in
1412 373 1494 410 aliis
1527 385 1616 410 vero
1650 377 1727 421 jam
1759 373 1873 413 breve
1900 373 2118 413 distinctum

193 450 411 499 viginatum
439 447 542 484 adest
568 448 649 497 (fig
664 450 716 493 1)
746 453 782 482 et
813 445 948 481 horum
974 453 1115 490 quoque
1138 440 1324 489 proboscis
1349 439 1493 496 majore
1522 438 1603 484 jure
1628 438 1800 488 oblonga·
1809 440 1923 477 ovalis
1948 440 2121 481 dicenda

194 512 554 561 Echinorhynchum
590 512 659 548 hoc
695 522 739 546 ex
773 508 889 545 stadio
924 505 1135 543 dissecandi
1177 515 1329 552 operam
1364 515 1476 550 quam
1512 501 1721 538 maximam
1758 505 1890 540 navavi
1932 507 1968 542 et
2001 508 2122 542 semel

195 584 368 613 conatum
395 575 614 611 felicissimo
641 579 774 610 eventu
802 579 1019 609 coronatum
1047 568 1255 609 observavi
1322 567 1526 615 Specimen
1559 565 1629 603 hoc
1657 565 1861 602 dissectum
1890 569 2122 606 foemineum

195 648 296 685 erat,
339 639 540 675 lemniscos
566 637 837 673 minutissimos
864 642 1021 679 teretes,
1069 633 1248 682 vaginam
1275 626 1500 680 proboscidis
1537 639 1573 668 et
1601 631 1807 674 musculos,
1841 637 1894 666 et
1921 634 2137 689 mateiiam'

194 716 413 754 grumosam
454 702 697 739 membranae
739 701 934 737 cellulosae
971 698 1014 734 ab
1053 696 1188 746 vagina
1221 708 1336 742 usque
1371 694 1416 730 ad
1452 695 1599 742 apicem
1634 692 1831 732 caudalem
1869 694 2033 732 tendenti
2069 698 2124 735 in-

196 769 338 805 clusam
367 766 554 810 exhibuit,
604 778 673 812 qua
700 766 738 801 in
766 762 926 799 materia
961 769 1088 798 autem
1124 772 1301 810 grumosa
1335 759 1425 794 lenti
1460 758 1665 794 fortissime
1702 757 1854 808 augenti
1887 758 2125 809 microscopfi

195 832 390 879 compositi
424 830 616 875 subjecta,
670 842 741 864 non
775 827 847 863 nisi
880 834 1016 874 puncta
1050 824 1234 873 pellucida
1268 822 1426 859 rotunda
1461 822 1689 858 intermixtis
1725 822 1928 869 majoribus
1958 823 2125 862 obscuris

194 896 392 932 observare
421 892 516 929 mihi
541 892 672 937 licuit,
725 899 762 927 et
789 891 915 927 nescio
948 903 996 926 an
1022 895 1125 925 recte
1153 887 1315 924 dixerim
1342 887 1466 934 priora
1493 887 1601 923 ovula
1634 885 1863 932 immatura,
1916 887 2010 925 haec
2036 901 2127 926 vero

195 961 323 996 ovaria
358 970 451 997 esse.
1864 949 1867 953 ’

342 1037 446 1070 Nunc
481 1042 584 1069 certe
611 1033 952 1083 Echinorhynchus
984 1032 1047 1068 ille
1077 1029 1354 1067 enumerandus
1390 1036 1467 1076 est,
1521 1042 1632 1078 quem
1667 1026 1830 1069 Goeze
1876 1027 1941 1066 sub
1978 1030 2129 1069 nomine

195 1091 598 1147 Echinorhynchi
638 1098 809 1134 minuti
851 1096 1098 1139 coccinei,
1163 1094 1313 1130 Zeder
1353 1094 1418 1129 sub
1465 1093 1766 1130 denominatione
1807 1093 1929 1150 Eeb,
1962 1096 2131 1134 minuti

194 1163 486 1210 descripserunt.
553 1162 769 1210 Specimina
804 1163 906 1198 enim
943 1159 1039 1196 mihi
1072 1159 1180 1204 visa,
1236 1164 1272 1193 et
1304 1157 1385 1193 fere
1421 1159 1518 1193 nullo
1552 1158 1591 1193 in
1619 1158 1724 1206 signo
1748 1157 1796 1194 -ab
1823 1157 2133 1206 descriptionibus

196 1228 290 1263 datis
330 1226 577 1275 discrepantia
599 1253 608 1271 ,
670 1227 774 1262 circa
802 1225 892 1261 duas
925 1223 1044 1260 lineas
1078 1224 1216 1271 longa,
1269 1220 1484 1269 proboscide
1518 1220 1728 1269 cylindrica
1763 1220 1887 1258 antice
1920 1221 2132 1280 rotunsdata,

194 1291 419 1327 uncinorum
455 1291 622 1326 seriebus
657 1298 737 1326 octo
773 1290 918 1325 inunita
954 1296 990 1323 et
1015 1287 1199 1322 instructa
1223 1293 1320 1324 sunt.
1383 1283 1531 1322 Collum
1569 1286 1646 1331 jam
1680 1284 1825 1334 longius
1860 1285 2135 1323 et=distinctius

196 1356 418 1391 obconicum
437 1381 447 1398 ,
492 1354 630 1404 vagina
658 1355 742 1391 colli
767 1351 993 1390 brevissima
1012 1376 1022 1394 ,
1075 1349 1220 1393 laevis,
1273 1348 1437 1396 corporis
1471 1360 1556 1396 pars
1590 1348 1715 1385 antica
1741 1349 1940 1396 subovata,
1994 1352 2135 1388 aculeis

196 1421 285 1455 satis
321 1419 476 1454 fortibus
505 1419 677 1463 munita,
729 1417 870 1464 postica
895 1427 984 1450 vero
1017 1414 1060 1449 ab
1097 1413 1221 1449 antica
1254 1413 1351 1448 laevi
1388 1412 1565 1448 strictura
1591 1412 1695 1459 quasi
1721 1413 1911 1459 sejuncta,
1964 1414 2004 1451 in
2037 1416 2137 1452 nullo

197 1485 312 1520 ovalis
347 1484 413 1519 sed
446 1484 485 1519 in
521 1483 693 1520 omnibus
727 1480 934 1530 inaequalis
968 1491 1104 1527 parum
1138 1468 1407 1522 decrescens,
1443 1476 1548 1524 apice
1584 1488 1672 1520 mox
1706 1477 1833 1513 obtuso
1861 1491 1949 1514 mox
1976 1480 2137 1517 acutius-

197 1550 280 1585 culo
307 1548 524 1585 terminata.
834 1539 836 1542 ι

349 1640 504 1676 Mutatio
533 1651 689 1688 sequens
717 1637 929 1674 auctoribus
962 1637 1041 1684 jam
1068 1636 1220 1673 nomine
1247 1634 1649 1684 Echinorhynchi
1686 1634 1955 1671 constricti
1988 1641 2074 1673 nota
2102 1643 2139 1673 et

197 1705 236 1740 in
262 1704 324 1753 fig.
341 1704 376 1751 3
400 1711 437 1739 et
461 1715 497 1752 4.
535 1702 626 1751 (sed
653 1702 745 1738 collo
783 1702 992 1752 vaginaque
1027 1702 1194 1738 maxima
1228 1708 1332 1749 parte
1365 1702 1558 1745 retracta)
1586 1699 1732 1748 depicta
1760 1707 1828 1740 est,
1882 1700 2073 1737 Proboscis
2099 1702 2140 1738 in

199 1769 384 1804 nonnullis
412 1767 680 1817 speciminibus
707 1764 788 1817 (fig.
802 1768 857 1814 3.)
885 1765 1122 1812 subclavata,
1165 1754 1203 1803 in
1232 1768 1313 1803 aliis
1340 1781 1430 1803 vero
1459 1767 1540 1817 (fig.
1553 1769 1609 1816 4.)
1638 1768 1794 1819 oblonga
1821 1768 1987 1816 apicibus
2014 1776 2140 1806 rotun-

198 1833 294 1869 datis
329 1833 431 1879 visa,
485 1832 711 1869 uncinorum
747 1831 958 1867 validorum
993 1839 1028 1867 et
1063 1844 1178 1880 aeque
1214 1833 1411 1882 longorum
1453 1833 1619 1868 seriebus
1659 1841 1740 1869 octo
1775 1834 1936 1873 munita.
1989 1832 2139 1871 Collum

200 1899 290 1936 duas
324 1900 455 1934 tertias
489 1898 570 1933 fere
605 1904 730 1946 partes
764 1898 883 1933 lineae
919 1896 1114 1946 adtingens
1152 1897 1320 1942 (vermis
1348 1897 1538 1946 longitudo
1574 1896 1664 1933 duas
1700 1910 1788 1933 cum
1824 1896 1983 1946 dimidia
2011 1906 2138 1937 tresve

198 1965 314 1999 lineas
342 1962 561 2011 adaequat),
602 1969 793 1997 exsertum
821 1961 1064 2014 obconicum,
1105 1961 1241 2014 vagina
1270 1962 1354 1997 colli
1379 1962 1504 1997 brevis
1533 1969 1569 1997 et
1595 1961 1706 2000 nuda.
1758 1959 1901 2009 Corpus
1927 1970 2004 1999 tres
2034 1964 2140 2012 quasi

198 2027 237 2063 in
263 2035 388 2076 partes
416 2026 577 2063 duarum
611 2026 878 2062 stricturarum
905 2039 971 2075 ope
999 2026 1189 2071 divisum,
1241 2027 1412 2076 utrinque
1442 2034 1677 2062 attenuatum
1706 2026 1893 2062 anteriore
1920 2035 2025 2074 parte
2053 2041 2139 2064 acu·-

198 2092 367 2136 leatum,
422 2091 563 2139 postica
599 2090 740 2126 nudum
776 2104 819 2127 ac
847 2092 968 2134 laeve,
1032 2091 1140 2139 Apex
1174 2090 1339 2145 capdalis
1365 2091 1528 2131 obtusus,
1590 2091 1634 2126 In
1661 2090 1845 2126 nonnullis
1872 2090 2142 2138 speciminibus

202 2149 338 2192 collum
381 2144 490 2202 hujus
527 2155 706 2203 vaninam
740 2163 776 2191 et
811 2156 977 2192 anticam
1012 2156 1177 2205 corporis
1211 2164 1360 2204 partem
1394 2157 1445 2192 ita
1479 2162 1701 2192 retractam
1722 2155 1826 2202 vidi,
1878 2162 1919 2191 ut
1952 2155 2141 2203 proboscis

201 2228 380 2272 tanquam
408 2234 453 2256 ex
480 2220 624 2269 globulo
648 2227 869 2268 erumperet
887 2248 899 2266 ,
953 2228 989 2256 et
1014 2221 1113 2257 hanc
1140 2221 1182 2256 ob
1215 2234 1299 2256 rem
1332 2221 1531 2269 praecipue
1560 2233 1648 2256 cum
1677 2227 1714 2256 et
1739 2219 1956 2268 superficies
1982 2221 2141 2271 longitu-

202 2285 379 2321 dinaliter
407 2285 536 2320 stiiata
565 2292 674 2329 esset,
704 2297 884 2334 magnam
912 2274 1135 2321 affinitatem
1163 2298 1252 2321 cum
1268 2285 1588 2334 Echinorhyncho
1616 2285 1746 2321 striato
1773 2284 1913 2326 habere
1939 2296 2140 2333 persuasus

204 2363 302 2389 sum
348 2347 409 2385 An
425 2349 551 2385 forsan
562 2350 739 2386 Echinm'
732 2363 781 2397 ny
786 2337 904 2385 nehus
925 2349 1077 2385 striatus
1094 2350 1228 2401 Anatis
1239 2349 1358 2385 Oloris
1376 2349 1422 2385 ad
1439 2350 1728 2398 polymorphum
1751 2348 2141 2391 adnumerandus?—

353 2441 437 2476 Duo
464 2440 671 2487 specimina
700 2442 743 2477 ab
772 2441 1017 2477 his'dissecui
1034 2469 1046 2486 ,
1094 2454 1254 2491 quorum
1287 2454 1405 2478 unum
1441 2453 1530 2477 casu
1565 2440 1785 2476 felicissimo
1812 2452 1924 2485 mas,
1978 2441 2140 2476 alterum

204 2504 372 2541 foemina
399 2504 495 2544 fuit„
536 2505 652 2541 Maris
679 2518 820 2556 organa
847 2506 1080 2556 generationi
1106 2505 1351 2541 inservientia
1376 2507 1455 2552 jam
1483 2505 1628 2541 exculta
1655 2504 1806 2552 quidem
1823 2531 1834 2549 ,
1888 2504 1953 2539 sed
1977 2503 2142 2540 testiculi

205 2568 359 2604 minimi
397 2577 433 2605 et
466 2581 532 2605 vas
565 2568 738 2607 deferens
771 2571 835 2606 vix
870 2570 1112 2618 conspicuum
1149 2577 1245 2615 erat,
1299 2577 1336 2605 et
1362 2569 1400 2605 in
1428 2570 1525 2604 nullo
1554 2568 1760 2616 specimine
1788 2567 1997 2604 vesiculam
2036 2569 2142 2604 illam

207 2632 402 2668 cau‘dalem
422 2659 434 2677 ,
487 2646 579 2681 quae
607 2633 696 2669 dum
722 2634 865 2670 vermis
894 2634 939 2670 ad
965 2633 1265 2670 foecundandam
1293 2644 1362 2670 ova
1389 2646 1410 2669 a
1437 2633 1603 2668 foemina
1631 2631 1794 2680 deposita
1820 2639 1972 2679 paratus
1999 2638 2144 2680 protru-

206 2695 330 2740 ditur,
385 2704 422 2732 et
456 2700 642 2744 quamcL
670 2698 919 2746 Rudolphif
950 2705 990 2734 et'
1017 2691 1170 2734 Zeder
1209 2698 1502 2733 observaverunt
1545 2697 1730 2743 inspicere
1751 2696 1896 2740 licuit,
1951 2702 1992 2731 ut
2027 2696 2143 2731 etiam

207 2760 385 2798 materiei
418 2761 560 2806 albae„
612 2762 733 2805 tenuis
749 2782 788 2806 ,2
814 2761 940 2798 obiter
970 2774 1173 2812 *grumosae
1220 2762 1299 2797 sive
1343 2762 1511 2811 granulis
1551 2760 1694 2810 exiguis
1737 2751 1939 2797 constantis
1958 2787 1969 2804 ,
2031 2771 2144 2807 quam

208 2823 446 2872 Rudolphi
481 2838 526 2860 ex
560 2838 713 2873 corpore
749 2827 867 2862 maris
902 2824 1061 2862 dissecto
1088 2826 1245 2862 effusam
1272 2824 1394 2870 vidit,
1447 2826 1590 2861 nullum
1617 2825 1819 2875 vestigium
1854 2825 1924 2861 hoc
1958 2822 1998 2859 in
2024 2823 2144 2870 speci-

209 2888 312 2923 mine
360 2888 491 2929 adfuit,
566 2891 747 2926 Foemina
787 2891 1004 2927 oviductum
1049 2890 1216 2927 exhibuit
1267 2890 1383 2925 ovulis
1435 2889 1638 2925 linearibus
1682 2888 1875 2937 pellucidis
1891 2915 1904 2935 ,
1975 2886 2144 2923 rotundis

211 2952 378 2988 obscuris
407 2959 443 2987 et
471 2954 684 3001 corporibus
712 2955 917 3005 majoribus
943 2955 1108 2995 ovalibus
1128 2955 1349 3003 repletum„
1672 2946 1674 2948 Ι

363 3043 405 3078 In
439 3043 556 3080 stadio
596 3052 771 3091 sequente
805 3045 992 3094 proboscis
1035 3047 1159 3083 minor
1180 3040 1236 3083 et
1270 3045 1410 3082 ovalior
1445 3043 1619 3089 reddita,
1651 3044 1841 3081 ‘iisdem
1858 3043 2005 3081 tamen'¹
2025 3043 2146 3080 'serie-

213 3107 281 3144 bus
319 3109 538 3144 aculeorum
580 3109 747 3152 munita,
786 3111 934 3145 'collum
969 3109 1233 3159 longissimum
1273 3110 1448 3147 conicum
1477 3107 1677 3153 nudum,'
1711 3110 1849 3159 vagina
1882 3109 1973 3145 colli
2004 3102 2145 3154 brevis,

214 3171 393 3207 laevistet
418 3172 666 3208 transversim
694 3179 843 3222 r'ugosa
897 3174 1105 3211 Stricturae
1123 3186 1281 3223 corpus
1288 3174 1395 3210 tres
1409 3174 1448 3209 in
1480 3169 1605 3223 partes
1639 3160 1861 3215 dividentes
1873 3171 1972 3209 haud
1998 3173 2146 3217 adsunt,

216 3234 281 3271 sed
307 3235 378 3271 hoc
403 3243 524 3281 teres,
577 3237 750 3283 utrinque
782 3250 868 3274 mox
904 3245 1117 3274 antrorsum
1144 3251 1232 3274 mox
1266 3246 1474 3274 retrorsum
1502 3237 1623 3287 magis
1651 3223 1905 3282 attenuatum,
1959 3238 2082 3273 antica
2110 3243 2147 3272 et

216 3298 377 3347 vaginae
410 3301 599 3349 praxima
613 3305 742 3350 parte,
798 3293 936 3338 aculeis
971 3302 1059 3338 satis
1093 3297 1249 3338 fortibus
1284 3300 1475 3345 armatum
1510 3305 1591 3343 es't
1605 3300 1750 3351 'Apex
1783 3298 1947 3337 caudalis
1981 3299 2145 3346 obtusus,

216 3363 256 3398 in
285 3363 365 3398 aliis
392 3364 628 3409 rotundatus,
682 3366 720 3401 in
747 3378 819 3402 uno
846 3374 992 3431 tantum
1027 3360 1241 3432 specimine
1261 3368 1428 3423 vesicula
1443 3368 1700 3425 terminatuS,
1756 3365 1850 3413 quod
1877 3365 2080 3400 dissectum
2107 3365 2148 3400 in

217 3427 306 3466 Tab
326 3427 393 3468 III
423 3427 486 3477 fig
500 3430 543 3473 8
571 3426 789 3478 depietum
798 3426 895 3476 es‘t,
916 3439 970 3467 et
988 3428 1033 3468 ad
1061 3426 1161 3490 hanc
1193 3433 1334 3480 quoque
1370 3423 1616 3503 mutationem
1643 3428 1712 3497 fig.
1729 3438 1765 3476 5,
1791 3429 1826 3469 6
1855 3427 2004 3465 tabulae
2032 3439 2149 3476 supra

219 3489 417 3526 laudatae
426 3491 662 3542 respiciunt
745 3498 748 3502 '
906 3499 907 3503 ’
942 3508 944 3511 ·
1342 3494 1346 3504 ¹
