2520 4031
1095 288 1203 310 —--=:
1304 272 1351 322 36
1450 283 1557 310 >n-——

515 378 676 415 Vermes
710 375 836 411 forsan
868 388 965 412 nunc
1001 370 1275 418 enumerandi,
1325 373 1541 423 proboscide
1580 375 1658 421 jam
1698 373 1737 409 in
1771 373 1909 411 bullam
1951 376 2112 411 transire
2154 381 2285 424 parata

367 439 539 478 instructi
564 447 662 478 sunt.
713 440 819 476 Haec
847 440 947 475 enim
975 440 1052 475 basi
1085 439 1319 475 crassissima
1348 437 1452 486 apice
1479 438 1672 473 rotundato
1706 445 1742 473 et
1768 436 1951 475 attenuato
1977 440 2114 484 utitur,
2168 439 2219 474 ita
2246 445 2287 472 ut,

365 506 446 540 fere
471 503 557 552 pyri
585 503 751 538 formam
778 502 960 551 accipiat,
1001 503 1204 555 etppostica
1230 515 1316 551 pars
1342 513 1477 550 parum
1505 500 1625 537 adhuc
1653 503 1823 538 aculeata
1847 504 2087 551 conspicitur.
2138 500 2284 537 Collum

364 569 543 616 longum,
595 567 772 602 filiforme
789 591 802 610 ,
853 567 1005 612 aequale
1024 585 1048 611 ‚·
1089 579 1221 616 corpus
1254 573 1354 602 teres
1370 592 1383 612 ,
1435 564 1608 612 utrinque
1634 572 1876 601 attenuatum
1904 573 1941 600 et
1966 567 2084 602 obiter
2108 565 2285 608 incisum,

365 630 486 666 antica
515 638 620 680 parte
645 641 783 679 paucas
811 630 928 665 series
957 632 1173 666 aculeorum
1191 618 1326 671 babet,
2174 624 2176 635 '

463 693 741 731 mProhoscidis
778 706 864 741 pars
905 695 1046 742 postica
1088 707 1220 730 verme
1255 701 1377 730 aetate
1415 695 1538 744 magis
1573 693 1694 729 adhuc
1728 701 1903 742 provecto
1950 695 2027 740 jam
2067 696 2106 730 in
2148 694 2286 729 bullam

356 764 506 808 mutata
533 766 607 802 est,
643 757 704 792 cui
719 757 854 793 antica
877 758 1091 807 subglobosa
1119 766 1155 794 et
1178 760 1346 795 aculeata
1362 771 1448 808 pars
1473 765 1514 794 ut
1540 765 1781 807 segmentum
1806 758 1938 794 circuli
1961 758 2116 793 minoris
2139 756 2287 793 insidet.

359 823 512 862 Collum
532 825 706 869 Iongmn,
747 821 947 866 filiforme,
988 822 1143 860 nudum.
1196 821 1339 871 Corpus
1364 829 1486 867 teres,
1528 823 1699 869 utrinque
1731 830 1938 858 retrorsum
1971 821 2095 870 magis
2122 828 2287 871 attenua-

362 896 444 925 tum
460 914 472 932 ‚
523 884 627 933 apice
657 884 803 920 caudali
829 885 1075 921 obtusiusculo
1101 886 1327 921 instructum
1346 913 1358 930 ,
1411 887 1534 922 antica
1562 887 1599 921 in
1626 894 1731 934 parte
1766 886 1887 922 adhuc
1912 898 2047 935 parum
2076 885 2288 920 aculeatum

364 959 420 987 est
445 949 590 998 (fig‚7,)
618 948 662 983 de
690 948 817 996 quibus
845 956 971 983 autem
999 949 1164 996 corporis
1193 957 1408 984 armaturae
1434 950 1550 998 signis
1575 951 1673 985 nulla
1697 950 1854 999 vestigia
1878 963 2011 986 verme
2029 949 2152 998 magis
2168 946 2287 985 adhuc

364 1019 786 1065 provectossupersunt,
833 1011 898 1046 sed
924 1011 994 1047 hoc
1021 1019 1142 1055 teres,
1196 1012 1368 1059 utrinque
1404 1020 1662 1057 attenuatum,
1710 1013 1924 1062 inaequale,
1978 1014 2111 1062 ubique
2148 1010 2290 1047 nudum

364 1079 528 1129 &121353353
556 1075 743 1125 redditum
795 1074 839 1110 de
866 1075 1081 1124 proboscide
1116 1075 1195 1123 ipsa
1226 1075 1387 1111 minima
1423 1075 1544 1111 adhuc
1578 1077 1679 1124 pars.
1700 1084 1736 1112 et
1763 1077 1807 1113 de
1833 1078 1930 1114 illius
1959 1078 2120 1121 aculeis,
2173 1075 2291 1110 serios

360 1142 472 1192 unica
497 1139 618 1176 adhuc
639 1146 829 1190 superest,
859 1140 1167 1182 coronamsscirca
1194 1151 1352 1188 parvam
1377 1140 1672 1187 prominentiam
1698 1139 1818 1176 bullae
1846 1141 1993 1189 apicem
2019 1141 2290 1176 terminantem

359 1205 556 1252 efficiens,
598 1211 635 1248 et
660 1203 730 1239 hoc
758 1216 899 1251 quoque
925 1203 1042 1239 stadio
1068 1204 1219 1248 relicto,
1266 1202 1310 1238 de
1335 1204 1475 1238 aculeis
1502 1204 1559 1239 his
1586 1194 1632 1239 ne
1659 1203 1874 1240 rudimenta
1902 1204 2051 1253 quidem
2078 1209 2290 1252 supersunt,

357 1269 422 1305 sed
447 1267 731 1316 bu11a‚‚ffiapioe
760 1279 899 1315 organo
926 1268 1088 1304 suctorio
1115 1281 1226 1317 supra
1261 1268 1339 1314 jam
1372 1275 1582 1302 memorato
1609 1267 1792 1303 instructa
1823 1275 1878 1304 est
1893 1296 1905 1313 ,
1960 1269 2097 1303 collum
2122 1266 2290 1316 longissi-

358 1344 486 1378 mum,
538 1330 735 1375 filiforme‚
790 1338 827 1365 et
857 1344 989 1379 corpus
1024 1340 1144 1377 teres,
1197 1332 1369 1380 utrinque
1406 1338 1658 1377 attenuatum,
1715 1331 1848 1380 ubique
1875 1333 2005 1375 laeve,
2056 1332 2175 1368 obiter
2201 1331 2289 1367 hinc

359 1397 508 1432 illincve
536 1395 720 1440 incisum,
775 1394 880 1443 apice
919 1395 1084 1431 acutiore
1117 1397 1176 1431 vel
1209 1396 1393 1431 obtusiore
1420 1395 1659 1436 terminatur,

493 1460 588 1508 :Hac
626 1471 714 1494 cum
741 1458 888 1507 figura,
942 1459 1282 1507 Echinorhynchus
1317 1459 1609 1507 polymorphus‚
1662 1459 1777 1495 finem
1819 1460 2073 1497 mutationum
2114 1459 2290 1509 adtigisse

357 1536 555 1574 persuasus
583 1523 680 1558 mihi
706 1535 817 1566 sum,
873 1534 961 1557 cum
991 1536 1035 1557 ex
1061 1524 1222 1572 {maximi
1249 1523 1559 1571 Echinorhynchi
1587 1523 1894 1570 sphaerocephali
1921 1525 1983 1564 ΒΡ,
2013 1524 2175 1559 eundem
2201 1537 2291 1572 prae

359 1603 397 1625 se
425 1589 551 1624 ferunt
578 1594 730 1626 statum,
783 1586 964 1622 Foemina
989 1586 1150 1623 dissecta
1177 1587 1415 1631 oviductum,
1461 1587 1645 1622 inumeris
1673 1587 1810 1622 ovariis
1838 1588 1946 1622 ovula
1971 1588 2179 1624 immatura
2207 1600 2293 1623 con—

356 1652 587 1695 tinentibus,
642 1659 679 1686 et
718 1650 866 1685 filorum
900 1652 1181 1686 vasculosorum
1225 1664 1290 1699 ope
1325 1664 1413 1686 cum
1450 1663 1535 1686 vase
1571 1663 1709 1699 magno
1745 1663 1789 1685 ex
1823 1651 1960 1700 vagina
1994 1641 2220 1698 proboscidis
2254 1651 2293 1699 in

353 1722 509 1753 'uterum
537 1714 785 1752 descendente
814 1715 1178 1751 communicantibus
1214 1723 1249 1750 et
1284 1715 1569 1751 cohaerentibus
1602 1714 1814 1761 repletum,
1868 1722 2092 1763 uterumque
2120 1727 2188 1750 ova
2214 1726 2294 1750 ma-

351 1790 441 1818 ¹tura
469 1780 775 1828 ovalia-oblonga
802 1779 1058 1815 includentem
1087 1780 1248 1818 exhibet,
1296 1779 1484 1825 (Tabjll,
1511 1778 1641 1828 figi9.)
1694 1779 1773 1814 Mas
1801 1779 1870 1814 hoc
1896 1792 1939 1814 ex
1967 1786 2064 1814 statu
2092 1779 2292 1814 observare

357 1846 454 1881 mihi
493 1844 592 1880 haud
626 1844 697 1878 fuit
730 1856 981 1888 concessum,
1034 1843 1099 1879 sed
1131 1844 1256 1878 onmia
1292 1843 1499 1890 specimina
1534 1842 1695 1878 dissecta
1731 1850 1766 1878 et
1800 1843 1935 1879 horum
1971 1855 2152 1880 numerus
2195 1843 2323 1878 ultra'

356 1909 554 1946 duodecim
593 1912 697 1952 erat,
751 1907 941 1943 foeminea
973 1915 1091 1944 erant.

450 1979 453 1981 ’
503 1972 667 2007 Minores
711 1972 1022 2020 Echinorhynchi
1063 1972 1214 2007 tunicae
1263 1972 1415 2007 villosae
1464 1971 1727 2007 intestinorum
1775 1971 2015 2007 inhaerentes
2064 1971 2292 2019 praesertim

358 2038 830 2082 occurruere‚'>·ma]'ores
868 2049 957 2071 vero
1000 2036 1135 2072 tunicis
1168 2037 1247 2070 sere
1285 2036 1455 2071 omnibus
1489 2036 1689 2083 perforatis
1726 2043 1878 2071 externa
1916 2036 1953 2071 in
1987 2036 2088 2071 facie
2125 2035 2293 2071 intestini

357 2100 679 2150 protuberantiam
706 2100 933 2148 globulosam
962 2107 1065 2136 arcte
1095 2100 1231 2135 collum
1258 2093 1513 2135 includentem
1538 2100 1760 2147 perfecere,
1794 2099 1891 2135 unde
1921 2101 2043 2136 elucet
2069 2099 2127 2136 his
2153 2098 2294 2138 vermi·
2323 2106 2324 2109 ’

356 2166 424 2201 bus
450 2165 531 2201 vim
559 2164 687 2200 sedem
718 2163 887 2199 mutandi
913 2164 1055 2203 deesse.
1083 2185 1125 2190 ——

510 2229 633 2264 Pauca
661 2227 781 2263 adhuc
808 2227 1023 2264 adducenda
1052 2228 1147 2263 mihi
1174 2236 1391 2276 supersunt,
1440 2228 1484 2264 de
1520 2228 1673 2275 reliquis
1705 2229 1743 2264 in
1771 2229 2000 2264 enumeratis
2029 2229 2156 2264 avibus
2185 2241 2293 2276 aqua-

359 2294 444 2330 ticis
479 2292 810 2340 Echinorhynchis
846 2292 1019 2340 repertis,
1087 2292 1305 2339 Specimina
1339 2306 1383 2328 ex
1417 2292 1540 2329 Anate
1578 2292 1769 2329 Boschade
1805 2292 2012 2328 domestica
2054 2293 2150 2329 mihi
2185 2289 2294 2328 obvia

360 2357 472 2394 statui
500 2356 611 2392 tertio
639 2363 674 2391 et
701 2356 825 2404 quinto
853 2356 1134 2391 adnumeranda
1161 2363 1265 2400 sunt,
1318 2357 1458 2392 lineam
1486 2369 1600 2392 unam
1629 2370 1764 2405 nempe
1791 2358 1851 2393 vel
1877 2369 1992 2393 unam
2020 2369 2109 2392 cum
2137 2356 2292 2392 dimidia

358 2423 494 2471 longa,
546 2420 761 2470 proboscide
798 2420 982 2469 oblonga,
1037 2420 1141 2467 apice
1184 2412 1407 2465 rotundata,
1462 2422 1553 2457 collo
1597 2422 1694 2457 nullo
1734 2423 1795 2457 vel
1832 2421 2083 2464 brevissimo,
2136 2432 2291 2467 corpore

361 2486 493 2530 tereti,
546 2484 752 2532 inaequali,
803 2484 975 2532 utrinque
1009 2491 1222 2528 attenuato,
1276 2484 1401 2520 media
1434 2485 1474 2520 in
1510 2492 1614 2533 parte
1650 2486 1817 2521 aculeato
1851 2485 2033 2521 instructa
2069 2491 2180 2528 sunt,
2232 2484 2293 2520 vel

357 2557 435 2596 tres
462 2556 664 2597 quatuorve
696 2547 814 2584 lineas
845 2550 957 2598 longa
990 2542 1249 2595 proboscidem
1276 2549 1555 2595 subclavatam,
1608 2550 1745 2585 collum
1780 2549 2022 2594 obconicum,
2077 2558 2209 2595 corpus
2237 2547 2293 2583 bis

360 2612 607 2648 constrictum
636 2612 759 2647 antica
785 2613 825 2648 in
849 2619 955 2659 parte
983 2613 1197 2655 aculeatum
1225 2612 1376 2653 habent.

509 2670 820 2722 Echinorhynchi
854 2674 988 2710 Anatis
1016 2673 1221 2724 Clangulae
1237 2702 1249 2721 ,
1302 2676 1469 2722 primum
1505 2683 1680 2724 quartum
1716 2683 1751 2711 et
1785 2677 1989 2724 septimum
2024 2683 2164 2726 statum
2200 2673 2292 2710 adti-

359 2746 523 2789 gerunt,
578 2739 641 2774 alii
673 2738 800 2774 forma
833 2739 941 2779 Ech,
977 2740 1098 2787 vulgo!
1125 2739 1355 2784 minuti„
1385 2740 1448 2779 alii
1483 2740 1742 2779 constricti
1776 2740 1960 2789 gaudent,
2005 2738 2156 2774 Fulicae
2187 2744 2290 2774 atrae

358 2816 480 2849 vero,
533 2803 754 2838 ulteriorem
786 2802 1104 2850 metamorphosin
1141 2803 1222 2838 fere
1256 2815 1385 2838 omnes
1412 2803 1600 2846 exhibent,
1628 2824 1677 2830 ——-

358 2938 438 2994 65)
498 2932 908 2995 Echinorhynchus
951 2936 1376 2996 sphaerocephalus.
1438 2939 1603 2981 Brems.

441 3021 588 3074 Synpn.
634 3025 709 3053 Ech.
739 3023 1019 3065 sphaerocephalus.
1065 3024 1280 3063 Rudolphi
1301 3024 1446 3064 Sy..nops
1471 3035 1502 3062 p.
1520 3025 1592 3063 670.
1623 3035 1672 3056 nr.
1688 3033 1738 3064 57.

443 3090 627 3135 charact.
665 3093 836 3137 Proboscis
859 3093 992 3134 globosa
1006 3102 1151 3133 armata,
1197 3095 1252 3123 vel
1276 3095 1375 3124 bulla
1372 3097 1502 3132 parum
1525 3102 1646 3126 armata
1669 3092 1722 3122 vel
1752 3097 1816 3119 tota
1837 3090 1954 3124 laevis,
1999 3085 2123 3117 conum
2153 3085 2290 3129 hugum

554 3189 555 3192 Ἴ
608 3150 776 3182 conicum,
823 3158 935 3186 corpus
967 3157 1048 3179 teres
1083 3151 1251 3190 inaequale
1281 3150 1329 3181 bis
1363 3150 1558 3180 tumidulum
1591 3157 1699 3179 verme
1727 3148 1856 3185 juniore
1885 3151 2069 3174 anti-orsum
2099 3145 2288 3182 aculeatum,

607 3200 716 3256 adulto
748 3210 851 3232 totum
881 3195 977 3234 laeve.
1301 3205 1304 3208 ⁴

441 3270 624 3300 Hab.1n
646 3272 817 3328 intestinis
847 3253 1211 3312 Haeniantopodls
1234 3253 1449 3313 'ostralegi
1477 3280 1509 3302 et
1536 3272 1633 3302 Lari
1654 3271 1790 3311 ‘fusci
1807 3272 1869 3307 (nr.
1883 3272 1980 3309 199.)

1044 3329 1147 3369 Tab
1171 3331 1201 3370 Ι
1261 3330 1344 3378 fig.
1370 3339 1428 3376 13
1458 3339 1517 3375 14
1546 3338 1604 3374 15

510 3389 543 3424 D
560 3402 579 3424 e
597 3401 612 3423 s
631 3402 650 3425 c
668 3404 688 3424 r
703 3391 716 3425 i
732 3404 753 3437 p
768 3399 796 3430 t
850 3392 999 3447 Species
1043 3393 1138 3428 haec
1182 3394 1224 3429 ab
1266 3394 1344 3445 clar
1348 3404 1366 3426 o
1416 3399 1451 3426 et
1485 3393 1522 3427 in
1562 3377 1797 3442 perficiendis
1839 3391 1953 3426 etiam
1992 3389 2289 3427 difficultissimis

358 3449 652 3489 scrutationibus
687 3453 871 3491 indefesso
909 3451 944 3498 J
979 3456 1009 3493 N
1025 3469 1046 3492 a
1062 3464 1076 3491 t
1093 3464 1107 3491 t
1123 3470 1142 3492 e
1161 3471 1180 3492 r
1197 3470 1215 3492 e
1230 3470 1250 3492 ι
1293 3437 1462 3504 ieperta,
1517 3462 1782 3505 argumentum
1818 3453 2026 3490 secundum
2064 3461 2100 3490 et
2133 3455 2290 3495 firmum
