2520 4031
946 298 1056 319 -κ
1158 292 1202 330 31ἱ
1306 300 1413 319 ³·--—

218 395 351 418 norum
378 384 611 419 minutorum
638 384 804 420 seriebus
835 384 991 420 circiter
1017 383 1215 420 duodecim
1240 382 1553 419 transversalibus
1587 388 1733 423 munita
1767 395 1836 428 cst,
1891 386 2039 426 Collum
2069 392 2150 426 snb-

217 446 390 483 conicum
400 474 411 492 ,
447 448 617 494 inerme,
660 447 824 495 corporis
853 447 979 484 antica
1007 461 1094 496 pars
1120 447 1336 496 proboscide
1364 454 1401 483 et
1428 447 1520 482 00110
1547 455 1713 492 exserta,
1756 452 1923 497 primum
1950 453 2150 490 subconica

217 518 253 546 et
279 510 365 546 dein
393 511 629 561 subglobosa,
681 512 753 548 illis
780 518 907 546 autem
935 511 1137 560 quidquam
1164 512 1340 547 retractis
1366 512 1488 547 solum
1520 511 1759 560 subglobosa,
1812 518 1951 552 aculeis
1976 517 2151 553 brevibus

215 574 328 610 dense
356 582 524 621 armata,
555 575 735 625 posterior
759 574 985 623 inaequalis,
1012 583 1132 619 teres,
1160 582 1373 620 attenuata,
1402 576 1582 620 inermis,
1610 575 1930 625 longitudinalitcr
1954 582 2150 629 insculpta,

213 637 376 674 Unicum
404 642 595 687 specimen
621 639 855 686 discruptum
881 640 990 674 ovula
1016 639 1212 674 emittebat
1238 638 1394 688 oblonga
1423 640 1641 675 acuminata
1669 640 1809 676 duabus
1837 644 1940 689 quasi
1963 658 2005 679 ex
2031 659 2150 682 mem-

213 702 338 739 branis
369 703 616 753 embryonem
642 702 915 739 includentibus
946 703 1125 743 formata.

365 770 404 811 c)
456 767 639 804 Ardeae
681 767 1007 816 cayeunensis
1044 775 1087 802 et
1125 767 1325 806 Leuces.
1378 768 1719 816 Echinorbynehos
1757 769 1824 805 hos
1852 770 1899 809 cl.
1927 772 2154 810 Natterer

211 832 430 879 nuperrime
459 845 503 867 ex
528 831 685 868 Brasilia
713 831 937 872 transmisit,
1003 831 1098 866 Tres
1120 830 1166 866 ad
1193 831 1353 879 quinquo
1380 832 1499 866 lineas
1525 832 1650 881 longi,
1702 834 1961 880 proboscidem
1988 836 2068 872 basi
2095 840 2154 874 vel

212 896 318 943 apice
354 903 505 932 auctam
537 896 598 931 vel
631 894 904 943 cylindricam‚
956 896 1183 931 uncinorum
1220 895 1387 931 seriebus
1421 894 1621 931 duodecim
1657 905 1849 933 armatam
1890 890 1991 935 00110ι
2024 901 2153 938 conico

209 959 349 995 inermi
375 959 518 1007 oblique
545 958 762 1006 impositam
789 959 978 1000 exhibent.
1033 958 1209 1007 Corporis
1238 971 1324 1007 pars
1353 959 1479 995 antica
1513 960 1644 996 conica
1671 960 1911 1010 subglobosa,
1969 966 2152 1011 aculeata,

209 1024 306 1059 laevi
330 1023 508 1059 strictura
535 1036 557 1059 a
585 1024 677 1059 collo
705 1031 742 1059 et
767 1024 910 1073 reliquo
937 1036 1093 1072 corpore
1121 1024 1311 1071 sejuncta,
1361 1023 1455 1072 quod
1483 1031 1720 1061 attenuatum
1746 1024 1963 1074 inaequale,
2011 1028 2152 1066 nudum

209 1094 246 1122 et
271 1087 591 1136 longitudinaliter
617 1088 793 1124 sti-iatum
822 1096 889 1124 est.

357 1151 397 1195 d)
451 1153 668 1189 Falconis
694 1153 969 1192 Albicillae.
1001 1154 1166 1189 Ver-mes
1190 1153 1351 1202 quinque
1378 1151 1496 1187 lineas
1518 1152 1633 1201 longi,
1661 1152 1879 1200 proboscide
1896 1155 2028 1193 eodem
2046 1158 2154 1195 modo

208 1221 420 1260 exstructa,
457 1216 495 1252 in
523 1217 697 1265 plurimis
726 1230 770 1253 ex
798 1229 953 1264 corpore
980 1217 1198 1267 subgloboso
1227 1222 1449 1263 erumpente
1477 1215 1662 1264 gaudent,
1690 1217 1785 1264 quod
1808 1217 1911 1255 idem
1933 1222 2033 1256 valet
2061 1221 2104 1257 de

359 1284 398 1326 e)
451 1281 747 1330 reliquarum
783 1279 1048 1318 Ardearum
1085 1289 1129 1316 et
1163 1281 1405 1316 Plataleae
1432 1279 1599 1326 Ajajae
1636 1287 1680 1315 et
1707 1280 1908 1318 Sternae
1943 1284 2153 1322 minutae

205 1345 552 1394 Echinorhynchis,
606 1347 705 1381 Num
732 1358 821 1381 vero
848 1344 1192 1392 Echinorhynchus
1220 1343 1374 1379 striatus
1402 1342 1571 1379 Anatis
1600 1342 1778 1390 Oloris,
1826 1346 1871 1382 ad
1892 1348 2153 1399 Echinorhyn-

206 1409 323 1444 chum
342 1409 633 1458 polymorphum
650 1410 712 1448 ΒΓ.
734 1407 1039 1444 adnumerandus
1061 1408 1129 1452 sit,
1158 1420 1247 1443 cum
1274 1414 1310 1442 et
1333 1407 1373 1442 hi
1392 1406 1543 1442 omnino
1567 1407 1674 1457 signa
1692 1409 2007 1460 Echinorhynchi
2031 1402 2153 1451 striati

206 1473 333 1522 quinta
360 1474 566 1509 mutatione
594 1472 743 1508 adtacta
769 1471 950 1517 offerunt,
997 1473 1163 1520 quaestio
1192 1479 1249 1507 est
1276 1483 1390 1520 quam
1418 1483 1508 1506 vero
1536 1470 1744 1518 dijudicare
1773 1487 1845 1510 non
1872 1476 2004 1517 audeo,

205 1622 283 1675 58)
344 1618 760 1677 Echinorhynchus
801 1618 1083 1678 pyriformis.
1145 1619 1313 1661 Brems.

288 1704 445 1746 Synon.
491 1707 566 1737 Ech.
589 1705 782 1750 pyriformis.
826 1705 1047 1745 Rudolphi
1071 1705 1214 1746 Synops.
1242 1715 1274 1743 p.
1291 1713 1339 1743 74.
1362 1711 1434 1743 331.
1458 1711 1566 1743 nr.45.

289 1782 478 1813 charact.
523 1784 688 1815 Proboscis
713 1786 910 1822 subclama,
955 1785 1079 1815 collum
1110 1785 1261 1818 nullum,
1306 1782 1450 1820 corporis
1480 1781 1673 1822 pyrifonuis
1704 1783 1844 1812 maxima
1879 1789 1910 1812 et
1942 1786 2045 1814 antica
2073 1795 2149 1823 pars

455 1842 697 1872 aculeatissinia.

286 1918 386 1949 Hah.
431 1919 469 1948 In
497 1921 660 1949 intestinis
689 1920 819 1950 Turdi
849 1920 1054 1950 Merulae.

966 1997 1071 2038 Tab.
1104 1996 1136 2038 Ι,
1213 1994 1296 2043 fig.
1330 2006 1390 2034 20.

354 2085 644 2132 Descript,
706 2085 859 2133 Species
897 2085 992 2121 haec
1026 2081 1342 2130 Echinorhynchi
1376 2072 1577 2130 singularis
1623 2088 1660 2116 et
1694 2080 1978 2128 pulcherrima,
2043 2096 2064 2120 a
2103 2085 2152 2125 01,

204 2149 455 2184 Bremsero
490 2150 630 2198 hyeme
675 2150 869 2199 quinquies
904 2156 1055 2198 reperta
1089 2155 1174 2192 est,
1236 2152 1273 2181 et
1311 2157 1464 2181 vermes
1504 2153 1582 2181 tres
1623 2144 1669 2180 ad
1703 2153 1848 2193 septem
1881 2145 2001 2182 lineas
2036 2148 2152 2198 longi,

202 2214 328 2250 antica
353 2221 457 2262 parte
487 2213 577 2249 duas
604 2214 735 2249 tertias
762 2221 887 2262 partes
914 2214 1035 2250 lineae
1062 2213 1122 2248 vel
1148 2211 1340 2260 integram
1367 2210 1508 2255 crassi,
1534 2210 1751 2258 proboscide
1776 2211 1912 2261 exigua
1936 2213 2154 2249 subclavata

202 2277 329 2314 media
347 2279 386 2313 in
404 2285 509 2325 parte
532 2289 668 2326 parum
694 2279 884 2325 exsculpta
907 2278 947 2314 in
970 2278 1075 2326 apice
1103 2274 1320 2319 rotund-ata,
1349 2281 1385 2309 et
1410 2275 1638 2310 uncinorum
1665 2270 2010 2311 minutissimorum
2038 2277 2153 2312 serie—

200 2342 268 2378 bus
305 2350 386 2378 octo
425 2343 653 2379 transversis
687 2344 855 2386 munita,
907 2344 999 2379 collo
1032 2343 1152 2385 nuno,
1206 2352 1360 2388 corpore
1396 2347 1612 2376 antrorsum
1647 2340 1884 2376 crassissimo
1919 2339 2150 2389 subgloboso,

201 2413 414 2441 retrorsum
443 2408 571 2443 conice
600 2407 846 2443 decrescente
875 2407 1054 2454 apiceque
1082 2404 1331 2441 obtusiusculo
1366 2404 1552 2453 gaudent,
1599 2411 1636 2440 et
1663 2405 1828 2452 corporis
1856 2404 1983 2440 antica
2010 2412 2047 2440 et
2074 2418 2153 2441 ma-

202 2471 308 2507 xima
324 2484 411 2518 pars
440 2472 581 2507 aculeis
608 2472 753 2521 exiguis
781 2471 895 2508 dense
922 2479 1071 2508 armata
1099 2478 1168 2510 est.

634 2645 687 2698 4)
746 2638 1095 2684 Proboscide
1141 2637 1329 2683 medio
1377 2639 1712 2680 incrassata.

204 2739 286 2794 59)
344 2734 758 2792 Echinorhynchus
793 2734 1048 2780 subulatus.
1109 2735 1220 2779 Zed.

287 2821 438 2860 Synon.
491 2821 566 2851 Ech.
598 2821 762 2853 salvaturus.
815 2824 941 2853 Zeder
972 2823 1104 2863 Numrg.
1138 2833 1169 2861 p.
1191 2831 1258 2863 159.
1288 2833 1337 2853 nr.
1357 2831 1408 2861 30.
1461 2818 1683 2857 Rudolphi
1717 2818 1855 2859 Synops.
1889 2829 1920 2857 p.
1937 2827 1986 2858 75.
2019 2825 2150 2858 nr.48.,

456 2878 569 2910 Entoz.
588 2889 620 2917 p.
632 2889 702 2918 300.
725 2891 772 2909 nr.
785 2888 834 2918 37.
850 2897 889 2905 -
934 2880 1009 2911 Eclz.
1028 2880 1152 2911 Alosae.
1175 2880 1383 2909 Hermann
1410 2876 1532 2906 Naturf.
1556 2876 1660 2913 St.17.
1685 2885 1715 2913 p.
1730 2884 1796 2913 177.
1819 2875 1940 2912 Tubu.
1968 2876 2077 2915 fig-11.
2100 2884 2146 2907 12.

455 2933 622 2964 Gmelin
645 2935 728 2975 Syst.
756 2936 828 2966 Nat.
851 2947 884 2975 p.
899 2943 992 2976 30⁴9·
1017 2945 1131 2974 11:240.
1176 2935 1360 2965 Schrank
1384 2933 1573 2963 Verzeichn.
1599 2939 1691 2970 p.27.
1717 2937 1829 2971 11r.89.

288 3011 468 3044 Charact.
511 3012 683 3044 Proboscis
706 3014 1000 3055 oblonga-ovans,
1030 3016 1224 3044 uncinorum
1247 3013 1389 3043 seriebus
1413 3020 1505 3046 0010,
1535 3011 1655 3039 collum
1680 3010 1927 3047 brevissimum,
1952 3017 1983 3040 et
2007 3013 2147 3050 corporis

455 3069 559 3097 amica
581 3069 760 3108 cylindrica
782 3079 852 3106 pars
876 3070 1034 3105 aculeata,
1078 3071 1197 3108 postica
1220 3069 1367 3099 subulam
1389 3069 1535 3098 inermis.
1577 3106 1579 3108 r

287 3146 388 3178 Hah.
432 3145 470 3175 In
498 3147 662 3178 intestinis
695 3147 877 3185 Clupeae
910 3146 1072 3178 Alosae.

356 3225 596 3273 Descript.
657 3225 812 3261 Vermis
847 3238 868 3261 a
901 3226 1169 3261 Hermanno
1203 3224 1243 3260 in
1275 3223 1439 3272 Clupeae
1474 3224 1650 3260 intestino
1677 3224 1776 3270 Majo
1808 3235 1938 3258 mense
1974 3230 2145 3271 repertus

202 3289 448 3337 bipollicaris,
475 3288 538 3324 vix
559 3288 759 3325 dimidiam
782 3289 923 3325 lineam
947 3302 1117 3334 crassus,
1149 3288 1366 3336 proboscide
1391 3289 1697 3339 oblonga-omli,
1725 3288 1950 3324 uncinorum
1974 3289 2144 3325 tenuium

202 3353 371 3390 seriebus
399 3361 481 3389 octo
513 3352 842 3404 longitudinalibus
873 3361 910 3390 et
944 3354 1113 3390 sedecim
1148 3353 1305 3389 circiter
1336 3354 1650 3390 transversalibus
1685 3359 1853 3395 armata,
1909 3353 2000 3388 collo
2033 3355 2143 3388 tereti

201 3418 425 3454 brevissimo
468 3419 634 3455 seriebus
675 3418 816 3455 duabus
857 3418 1076 3454 aculeorum
1119 3417 1232 3454 dense
1279 3417 1424 3462 obsito,
1483 3429 1636 3464 corpore
1677 3415 1885 3463 cylindrico
1927 3423 2142 3453 antrorsum

204 3483 388 3519 crassiore
417 3483 608 3529 aculeato,
661 3491 872 3519 retrorsum
897 3484 1117 3532 longissimo
1143 3483 1312 3519 subulato
1339 3483 1481 3519 inermi
1506 3483 1710 3518 instructus
1739 3488 1808 3520 est.
