2520 4031
725 836 1713 892 Introductio-

251 1042 505 1094 Animaculis
538 1050 708 1089 omnibus
743 1053 842 1098 illis,
893 1053 975 1089 aliis
1009 1054 1047 1088 in
1083 1053 1296 1100 corporibus
1330 1054 1506 1094 animatis
1540 1054 1728 1103 originem
1755 1051 2010 1097 trahentibus,
2060 1054 2181 1091 vitam

252 1117 496 1168 degentibus,
554 1117 768 1164 prolemque
811 1117 1048 1166 gignentibus
1064 1144 1075 1161 ,
1136 1117 1272 1161 brevi,
1331 1129 1425 1164 quae
1468 1117 1530 1163 ubi
1571 1118 1609 1152 in
1651 1129 1805 1164 corpore
1848 1124 1976 1152 exorta
1992 1143 2004 1162 ,
2064 1126 2182 1157 totum

252 1196 393 1231 quoque
420 1181 520 1218 vitae
548 1193 703 1217 cursum
738 1181 957 1228 absolvunt,
1010 1188 1180 1217 auctores
1214 1180 1367 1217 nomina
1410 1181 1744 1217 Helminthum
1777 1181 1838 1216 vel
1873 1181 2185 1227 Entozoorum

253 1246 480 1285 adtribuere.
540 1244 768 1282 Animacula
802 1246 916 1288 haec,
969 1247 1141 1293 quamvis
1174 1247 1274 1282 vitae
1305 1247 1507 1296 organicae
1540 1245 1632 1281 fines
1666 1253 1814 1281 tantum
1847 1252 2026 1294 tangunt,
2073 1249 2187 1294 (cum

253 1312 371 1348 solum
407 1324 451 1346 ex
482 1310 669 1359 Zoogenio
699 1312 732 1356 1)
768 1310 958 1355 formata,
1018 1317 1055 1345 et
1090 1311 1137 1350 cl,
1167 1310 1344 1346 Okenio
1371 1313 1408 1357 ²)
1445 1318 1627 1355 auctore,
1689 1323 1778 1345 cum
1813 1310 1957 1358 polypis
1999 1317 2188 1350 structura

253 1376 432 1426 organica
470 1376 660 1423 paululum
697 1376 930 1423 provectiore
969 1364 1147 1422 praeditis
1190 1373 1444 1421 comparanda
1487 1381 1572 1409 sunt
1589 1375 1628 1420 ,)
1680 1373 1840 1420 quinque
1873 1380 2002 1409 tamen
2040 1376 2189 1414 ordines

254 1441 450 1485 diversas,
503 1440 694 1486 multaque
723 1451 864 1488 genera
897 1439 1091 1484 formant,
1146 1437 1190 1474 de
1225 1438 1355 1486 quibus
1391 1438 1556 1474 secunda
1591 1445 1627 1473 et
1653 1437 1899 1474 undecimum
1927 1451 2045 1488 genus
2072 1450 2189 1490 syste-

253 1506 366 1541 matis
393 1502 717 1552 helminthologici
743 1502 795 1541 ill.
823 1502 930 1538 Rud
947 1502 1098 1549 olphi
1119 1504 1173 1548 3),
1224 1502 1648 1550 Acanthocephala
1675 1504 1735 1538 vel
1763 1503 2189 1552 Echinorhynehos

254 1568 519 1616 amplectitur,
574 1567 803 1604 helminthes
831 1579 925 1614 quae
953 1579 1107 1614 corpore
1141 1568 1254 1603 tereti
1290 1562 1442 1604 elastico
1477 1567 1725 1611 saccisormi,
1778 1566 1994 1614 proboscide
2028 1568 2192 1618 simplici

252 1633 438 1670 retractili
476 1645 520 1668 ac
558 1632 715 1668 emissili
756 1632 929 1668 seriatim
964 1632 1168 1677 uncinata,
1221 1633 1372 1681 organis
1408 1631 1644 1681 generationi
1686 1630 1976 1667 inservientibus
2018 1631 2192 1670 discretis

254 1699 464 1746 optimeque
492 1697 648 1733 excultis
675 1704 842 1738 utuntur.

405 1763 541 1799 Notitia
574 1763 766 1798 vermium
806 1763 943 1799 horum
959 1790 971 1810 ,
1026 1764 1192 1799 maximo
1239 1775 1328 1799 eum
1365 1762 1447 1808 jure
1488 1759 1721 1796 intestinales
1763 1759 2009 1796 dicendorum
2025 1789 2036 1807 ,
2103 1775 2192 1800 cum

256 1841 386 1865 omnes
421 1827 564 1875 species
582 1854 594 1873 ,
649 1834 689 1861 ut
730 1827 831 1863 infra
865 1827 1030 1873 docebo,
1085 1828 1220 1876 paucis,
1248 1830 1396 1863 tantum
1432 1826 1597 1873 exceptis
1633 1827 1672 1860 in
1708 1832 1833 1861 tractu
1867 1825 2071 1863 intestinali
2105 1842 2193 1865 non-

256 1898 443 1932 nullorum
470 1893 751 1941 quadrupedum
770 1895 805 1940 4)
842 1902 878 1930 et
912 1894 1217 1942 amphibiorum,
1271 1891 1497 1939 praesertim
1533 1903 1623 1926 vero
1657 1885 1784 1925 avium
1820 1897 1856 1925 et
1888 1890 2049 1938 piscium
2085 1905 2194 1929 occu-

254 1967 372 2005 runt,
425 1959 614 1995 veteribus
649 1958 800 1994 omnino
835 1958 1018 2009 sugebat,
1073 1965 1109 1994 et
1145 1955 1557 2009 Leewenhoekius
1579 1957 1614 2001 5)
1647 1955 1792 2002 primus
1827 1955 2192 2005 Echiuorhynchum

256 2023 415 2068 detexit,
448 2024 509 2059 cui
536 2035 624 2059 mox
651 2023 714 2059 alii
741 2023 836 2058 olari
862 2023 942 2059 viri*
964 2023 1103 2068 secuti,
1143 2029 1183 2057 ut
1210 2020 1376 2068 Phipps
1397 2021 1452 2065 ⁶),
1484 2020 1801 2064 Roederem),
1837 2019 2123 2057 Koelreuter
2143 2024 2192 2067 8),

256 2087 500 2123 Acharius
521 2089 577 2131 9),
628 2087 880 2131 Miillerus,
937 2087 1117 2129 Goeze,
1172 2087 1413 2129 Bremser,
1476 2084 1708 2131 Rudolphi
1745 2083 1901 2130 aliique,
1949 2092 2029 2120 tam
2057 2088 2195 2123 multas

257 2151 400 2200 species
427 2151 594 2188 diversas
628 2150 831 2195 detexere,
885 2158 924 2187 ut
958 2164 1076 2201 genus
1111 2152 1182 2188 hoc
1216 2165 1344 2196 nunc,
1397 2150 1562 2198 exceptis
1598 2148 1945 2193 Ascaridibus,
1999 2150 2195 2187 Taeniis

258 2229 302 2252 ao
329 2214 678 2253 Distomatibus
717 2215 899 2261 plurimas
937 2215 1039 2251 nohis
1073 2215 1204 2251 offerat
1238 2216 1407 2263 speciesz,
1460 2216 1690 2251 helminthes
1722 2227 1812 2250 vero
1847 2214 2041 2250 diversum
2076 2229 2194 2266 genus

259 2282 386 2317 facere
403 2307 413 2325 ,
467 2279 511 2319 O.
539 2280 580 2319 F,
608 2278 780 2316 Muller
801 2279 853 2324 ¹0)
887 2286 1017 2316 auctor
1050 2281 1190 2323 exstitit
1207 2306 1218 2326 ,
1274 2281 1335 2316 cui
1362 2281 1514 2328 quidem
1541 2293 1671 2316 omncs
1695 2287 1866 2316 auctores
1884 2287 2047 2327 excepto
2075 2282 2194 2316 solum

261 2347 308 2386 cl.
335 2345 491 2381 Pallas
516 2345 567 2391 1¹)
601 2343 722 2381 secuti
755 2351 840 2380 sunt
855 2371 868 2390 ,
926 2345 966 2381 in
1000 2345 1073 2381 illis
1106 2359 1196 2382 vero
1231 2347 1357 2389 locum
1389 2346 1490 2383 inter
1523 2346 1686 2394 reliquas
1721 2344 1951 2381 helminthes
1986 2345 2195 2391 tribuendo,

351 2547 381 2582 ι)
423 2545 682 2575 Treviranus
708 2542 899 2575 vermischte
921 2542 1078 2574 Schriften
1100 2551 1236 2577 anatem.
1260 2554 1300 2585 ιι.Δ
1315 2544 1459 2584 physiol.
1484 2543 1605 2573 Inhalts
1628 2544 1684 2572 Bd.
1702 2552 1730 2574 1.
1754 2549 1870 2581 p.2‘25.
1916 2540 2198 2572 Gruithuisen

469 2600 730 2642 Anthropologie
753 2601 783 2638 §.
802 2607 873 2639 250.
939 2598 1187 2630 Friedreich
1217 2599 1342 2633 dissert⁴
1367 2599 1406 2630 de
1428 2600 1503 2630 nisu
1531 2599 1695 2634 formatur.
1728 2596 1904 2635 Herbipoli
1929 2600 2020 2632 1818.

352 2683 381 2719 2)
426 2681 587 2721 Zeugung.
617 2687 719 2719 p.31·

351 2761 382 2796 3)
426 2757 565 2800 Synop8.
589 2757 807 2788 Entozoorum
823 2778 832 2794 ‚
861 2767 894 2797 p.
910 2758 961 2798 63.

350 2838 382 2875 4)
425 2836 514 2865 Inter
534 2835 662 2866 fabulas
686 2836 865 2866 observatio
889 2837 1030 2865 Rrerae
1051 2836 1225 2875 (Memorie
1248 2835 1352 2874 prima
1374 2834 1637 2865 fisico-mediche
1659 2844 1749 2872 sopra
1771 2835 1781 2867 i
1804 2843 1910 2863 verme
1933 2831 2110 2870 principali
2132 2831 2201 2860 dell

467 2901 565 2928 corpo
595 2901 713 2920 umano
741 2893 868 2922 vivente
892 2891 1005 2921 crema
1031 2898 1126 2927 1811,
1157 2902 1190 2930 p.
1206 2895 1287 2932 281)
1315 2891 1464 2932 ponenda
1492 2897 1556 2927 est,
1599 2889 1765 2919 hominem
1796 2888 1834 2920 ab
1863 2898 1919 2921 esu
1949 2888 2051 2917 carnis
2084 2886 2201 2916 suillae

474 2944 745 2985 Echinorhyncho
769 2945 905 2986 Gigante
932 2947 1094 2978 laborasse
1111 2947 1118 2977 l
1138 2947 1144 2978 Ξ

355 3027 385 3063 ς)
427 3024 552 3054 Arcana
582 3032 683 3053 natur.
717 3024 828 3054 detect.
860 3025 962 3061 Epist.
980 3034 1030 3064 75,
1054 3037 1085 3065 p.
1104 3035 1175 3065 314.

354 3105 385 3140 6)
427 3101 457 3130 Α
486 3101 618 3142 Voyage
648 3102 782 3132 towards
814 3102 866 3130 the
896 3102 987 3132 Nord
1018 3104 1104 3135 Pole.
1142 3105 1282 3135 London
1309 3112 1388 3146 1774
1417 3113 1450 3142 p.
1473 3111 1542 3143 194.
1592 3101 1764 3133 Echinorh.
1795 3099 2050 3142 polymorphum
2080 3099 2200 3127 Brems,

470 3157 642 3195 descripsit
665 3156 723 3187 sub
746 3158 878 3186 nomine
901 3158 1070 3196 sipunculi
1094 3159 1255 3193 Lendicis,

352 3238 386 3274 7)
429 3234 596 3275 Gottinger
623 3234 766 3275 geJehrte
788 3234 954 3276 Anzeigen
980 3238 1068 3275 1762.
1101 3237 1144 3268 St.
1161 3238 1212 3268 61.
1240 3247 1273 3275 p.
1290 3244 1360 3277 537.
1416 3236 1561 3269 Fasciola
1590 3243 1706 3266 truitae
1736 3236 1942 3266 intestinalis.

356 3315 387 3351 8)
430 3313 516 3344 Nov.
545 3312 725 3344 Comment,
756 3311 884 3350 Petrop.
915 3314 955 3346 T.
976 3314 1048 3345 XV.
1077 3324 1197 3356 p,499.
1228 3315 1380 3346 Tab.26.
1409 3314 1462 3355 fig.
1481 3322 1512 3354 5.
1555 3315 1596 3346 Τ.
1615 3315 1707 3344 XIX.
1738 3325 1771 3352 p.
1790 3321 1862 3352 429.
1895 3309 2202 3349 Acanthocephalus.

355 3393 388 3427 9)
430 3389 505 3430 Nya
531 3390 688 3421 Vetensk·
711 3390 808 3421 Acad.
833 3390 954 3421 Handl.
977 3401 1056 3432 1790
1085 3403 1116 3431 p.
1133 3403 1185 3432 44.
1229 3392 1410 3423 Acanthrus
1435 3369 1691 3430 sipunculbides.

337 3470 388 3505 ιο)
430 3467 556 3498 Naturf.
580 3468 682 3500 St.12.
706 3474 820 3506 p0178.
866 3467 947 3497 Viro
981 3470 1022 3499 cl.
1047 3478 1192 3507 auctore,
1239 3472 1371 3511 Zoega
1401 3481 1520 3500 nomen
1542 3470 1803 3511 Echinorhynchi
1824 3467 2059 3499 helminthibus
2083 3465 2131 3496 his
2154 3464 2204 3493 ad—

471 3524 606 3561 tribuit,
651 3528 722 3565 ipse
746 3535 823 3556 vero
847 3526 1117 3555 denominationis
1146 3527 1343 3566 germanicae
1358 3546 1367 3561 ‚
1411 3526 1546 3555 Kratzer
1571 3534 1616 3554 est
1644 3534 1764 3557 auctor.

339 3613 351 3633 x
362 3605 389 3641 1)
433 3601 524 3632 Neue
541 3603 631 3632 nord.
647 3603 756 3643 Beytr.
772 3603 829 3634 Bd.
843 3613 870 3636 ι.
888 3603 932 3636 St.
946 3613 973 3635 1.
993 3603 1050 3634 Nx.
1061 3612 1110 3641 17.
1133 3602 1421 3643 Echinorhynchos
1445 3604 1505 3633 sub
1527 3604 1658 3633 nomine
1675 3603 1890 3633 Haerucarum
1901 3601 2034 3630 Taeniis
2048 3598 2205 3636 adposuit.

1490 3661 1508 3688 1
