2520 4031
956 301 1066 319 -·-«
1167 298 1191 335 9
1291 301 1399 321 »—

217 389 294 443 13)
352 385 760 444 Echinorhynchus
800 386 1059 429 tuberosus,
1119 386 1227 430 Zed.

295 480 444 520 Synon.
489 482 564 512 Ech.
595 482 758 514 tuberosus.
802 481 929 510 Zeder
960 481 1094 522 Naturg.
1126 492 1159 519 p.
1181 484 1250 522 ¹63·
1280 493 1329 512 nr.
1345 481 1397 520 46.
1448 480 1666 519 Rudolphi
1696 483 1863 516 Entozool.
1893 495 2015 528 p.257·
2050 497 2146 528 mus.

461 536 597 577 Synops.
620 548 652 576 p.
663 538 714 576 65.
736 543 806 571 312.
830 541 918 571 ung.
944 555 986 560 —
1042 538 1115 566 Eclz.
1140 537 1233 568 rutili.
1279 539 1433 568 Miiller
1456 539 1593 578 Zoolog.
1617 537 1702 570 Dan.
1726 537 1858 572 v01.11.
1882 552 1976 582 p.27.
2001 544 2145 580 Tab‚61,

461 593 513 633 fig.
532 599 631 630 1—⁴8·
682 591 847 623 Gmelin
877 593 958 633 Syn,
990 600 1055 622 nat.
1085 600 1227 631 p.3050.
1259 604 1308 623 nr.
1327 602 1378 633 45.

616 662 630 672 c

294 683 484 717 Charact.
544 682 710 714 Proboscis
750 684 943 725 subglobosa
978 685 1068 722 apice
1111 685 1285 721 uncinata,
1345 686 1470 717 collum
1506 687 1689 727 vaginatum
1726 685 1978 725 brevissimum,
2030 703 2143 734 corpus

462 741 648 781 oblongum.

291 829 324 859 H
332 842 347 859 a
357 831 386 861 b,
431 830 469 859 In
492 827 656 868 superficie
678 835 808 857 externa
837 828 1064 858 intestinorum
1094 829 1119 859 C
1130 841 1150 870 y
1161 839 1181 868 p
1191 841 1206 859 r
1215 830 1225 859 i
1234 829 1275 858 ni
1305 840 1320 858 r
1330 840 1350 859 u
1359 829 1442 859 tili.

358 921 597 968 Descript.
656 920 830 956 Mijller
871 922 989 956 semel
1032 922 1153 958 solum
1191 922 1558 971 Echinorhynchum
1602 921 1727 959 forma
1768 923 1910 959 solitari
1944 926 2143 965 notabilem

209 988 352 1035 copiose
381 985 419 1021 in
452 987 531 1022 loco
566 984 724 1021 adducto
751 985 914 1034 reperit,
968 993 1167 1036 posteaque
1200 988 1342 1023 frustra
1378 993 1458 1022 tam
1492 986 1557 1023 hic
1586 978 1638 1027 cl}
1662 988 1722 1023 vir
1756 1000 1869 1034 quam
1897 989 2030 1038 reliqui
2057 992 2146 1028 Hel-

210 1051 476 1103 minthologiae
518 1050 808 1094 incumbentes,
867 1051 974 1086 illum
1020 1052 1299 1098 quaesiverunt.
1363 1052 1650 1087 Bremserus
1695 1052 1794 1089 hanc
1836 1051 1879 1088 ob
1921 1065 2004 1088 rem
2038 1055 2146 1093 illum

208 1127 296 1152 cum
329 1115 573 1163 clavaecipite
602 1115 791 1162 conjunxit
818 1116 974 1162 (Notitia
1003 1129 1039 1163 p.
1059 1116 1161 1162 αα),
1200 1116 1435 1164 Rudolphi
1460 1131 1550 1152 vero
1577 1118 1755 1165 (Synops.
1782 1119 1937 1165 p0312.)
1990 1119 2148 1159 Echino-

206 1179 424 1227 rhynchum
452 1177 617 1215 Carassii
647 1193 666 1216 a
695 1181 851 1216 Braun
873 1179 1065 1215 detectum
1094 1191 1183 1215 cum
1210 1180 1382 1217 tuberoso
1409 1182 1577 1217 maxime
1606 1183 1809 1217 convenire
1845 1190 1881 1218 et
1908 1184 2035 1221 forsan
2064 1200 2149 1224 eun-

207 1242 295 1279 dem
332 1255 411 1279 esse
448 1243 628 1284 affirmat,
688 1245 787 1279 Num
820 1243 859 1278 hi
891 1243 1108 1279 tuberosum
1145 1243 1354 1291 adaequant
1389 1246 1517 1282 dicere
1554 1259 1625 1281 non
1653 1256 1824 1293 possum,
1874 1260 1962 1283 cum
1990 1250 2148 1287 Echino·
2185 1284 2188 1288 .

206 1308 402 1357 rhynchus
430 1309 526 1344 mihi
554 1322 599 1344 ex
627 1307 793 1357 Cyprino
821 1306 996 1345 Carassio
1023 1308 1124 1343 visus
1141 1334 1153 1352 ,
1209 1307 1380 1344 omnibus
1419 1309 1458 1344 in
1493 1309 1589 1345 notis
1625 1322 1645 1345 a
1683 1309 1931 1358 descriptione
1967 1311 2053 1350 data
2080 1314 2150 1351 dis-

207 1380 363 1421 crepat,
406 1370 584 1420 ¹speciem
617 1386 707 1408 vero
748 1373 959 1420 suprimere
995 1383 1106 1408 ausus
1149 1385 1222 1407 non
1262 1385 1376 1418 sum,
1435 1386 1547 1421 quam
1583 1374 1626 1409 ob
1668 1386 1753 1410 rem
1794 1374 2095 1423 descriptionem,
2128 1387 2150 1415 a

205 1438 245 1473 M
255 1439 278 1472 ii
287 1437 318 1472 ll
329 1450 348 1472 e
358 1450 378 1472 r
387 1450 406 1472 o
447 1437 572 1473 datam
606 1436 808 1475 adducam.

356 1504 519 1540 Vei-mes
546 1502 636 1539 duas
662 1509 788 1538 tresve
817 1501 935 1538 lineas
962 1500 1084 1552 longi,
1136 1507 1289 1548 tenues,
1324 1500 1542 1549 proboscide
1570 1500 1811 1552 subglobosa,
1847 1505 1988 1551 postice
2015 1518 2151 1554 parum

206 1566 470 1612 decrescente,
515 1566 740 1602 uncinorum
767 1574 986 1611 rectorum,
1029 1572 1247 1611 acutorum,
1285 1567 1457 1603 tenuium
1485 1574 1521 1602 et
1549 1567 1638 1603 satis
1665 1569 1865 1618 longorum
1892 1569 2036 1618 globulo
2064 1571 2153 1608 insi-

205 1632 377 1669 dentium
404 1631 502 1668 serie
528 1631 640 1666 unica
668 1630 793 1666 antica
821 1631 991 1678 munita,
1045 1632 1138 1668 collo
1164 1630 1389 1667 brevissimo
1416 1632 1615 1681 vaginato,
1657 1645 1811 1680 corpore
1840 1633 1995 1684 oblongo
2022 1636 2152 1681 tereti,

205 1698 380 1745 utrinque
414 1703 623 1731 retrorsum
657 1690 781 1745 magis
817 1704 1007 1733 attenuato
1041 1696 1217 1733 instructi
1259 1703 1358 1736 sunt,
1439 1695 1481 1730 In
1517 1695 1713 1742 superficie
1756 1697 1794 1731 M
1812 1697 1970 1732 iiller
2006 1698 2044 1733 in
2079 1693 2152 1734 uno

207 1761 373 1810 corporis
405 1762 552 1805 latere,
608 1767 823 1796 antrorsum
857 1761 995 1797 ostium
1029 1762 1272 1805 solitarium,
1324 1761 1364 1795 in
1401 1761 1518 1795 altero
1554 1767 1714 1807 quatuor
1750 1761 1793 1797 ab
1831 1760 1922 1796 collo
1956 1773 2072 1809 usque
2108 1762 2155 1798 ad

208 1827 356 1874 apicem
391 1823 587 1860 caudalem
622 1825 719 1859 serie
752 1824 1010 1874 longitudinali
1046 1825 1220 1873 disposita
1255 1825 1474 1860 observasse
1509 1824 1675 1863 affirmat
1692 1852 1705 1871 ,
1766 1826 1902 1873 illaque
1943 1827 1982 1861 in
2024 1826 2087 1876 fig,
2113 1837 2153 1875 4,

205 1891 282 1931 tab,
313 1891 377 1930 cit,
406 1887 583 1935 depinxit.
642 1889 843 1923 Praeterea
871 1888 915 1923 de
943 1890 1151 1938 oesophago
1180 1897 1216 1924 et
1242 1889 1526 1944 intestinisfsibi
1553 1890 1644 1926 visis
1670 1891 1854 1938 loquitur,
1903 1903 1994 1938 quas
2023 1897 2152 1926 autem

207 1961 361 2003 partes,
415 1964 486 1999 qua
512 1952 605 1986 tales
633 1951 807 1987 habuerit
833 1953 975 1994 nescio,
1045 1955 1143 1989 Num
1181 1954 1309 1990 forsan
1343 1954 1437 1990 ostia
1471 1955 1560 1999 illa,
1613 1956 1693 2003 pori
1729 1956 1807 1991 sint
1836 1956 2005 2001 hiantes,
2060 1969 2152 1992 num

207 2019 384 2069 genitalia
410 2030 475 2065 pro
502 2016 677 2052 intestino
707 2017 928 2059 adduxerit?
981 2020 1115 2055 Nescio
1141 2027 1339 2066 praetcrea
1367 2033 1414 2055 an
1440 2027 1544 2055 recte
1573 2019 1760 2065 dixerim,
1796 2020 2050 2055 Miillerum
2078 2034 2151 2056 non

206 2090 325 2119 totam
351 2081 608 2131 proboscidem
634 2089 848 2129 protrusam
874 2081 1034 2128 vidisse,
1083 2082 1239 2130 ideoque
1269 2084 1438 2124 anticam
1465 2085 1586 2119 solum
1614 2085 1755 2120 seriem
1784 2085 2002 2120 aculeorum
2029 2084 2153 2121 obser-

207 2161 337 2191 vasse,
390 2159 482 2194 quae
510 2147 694 2182 sententia
721 2159 810 2194 prae
841 2148 1003 2183 caeteris
1039 2147 1087 2188 cl,
1116 2149 1369 2183 Bremsero
1405 2147 1563 2187 arridet.

356 2209 721 2257 Echinorhynchum
748 2223 770 2246 a
796 2212 952 2246 Braun
985 2211 1025 2247 in
1058 2212 1205 2258 intelstis
1233 2201 1401 2248 Carassii
1437 2219 1631 2260 repertum
1667 2214 1715 2252 cl.
1741 2212 1972 2261 Rudolphi
2006 2215 2059 2251 sic
2092 2215 2153 2250 ‹le-

209 2277 396 2326 scripsit.‘
425 2274 615 2310 Proboscis
650 2275 887 2324 subglobosa,
931 2276 1055 2312 antice
1083 2284 1279 2322 truncata,
1319 2277 1459 2324 postice
1487 2276 1732 2321 decrescens,
1772 2278 1998 2314 uncinorum
2027 2280 2150 2315 minu-

209 2351 335 2379 torum
369 2348 406 2377 et
441 2338 667 2374 reflexorum
702 2340 799 2376 serie
836 2340 1000 2389 simplici
1035 2348 1072 2376 et
1107 2342 1232 2378 antica
1259 2341 1420 2380 munita,
1474 2338 1622 2376 Collum
1650 2342 1808 2382 nullum.
1862 2340 2004 2390 Corpus
2032 2343 2152 2379 oblon-

210 2419 303 2457 gum
329 2406 502 2454 utrinque
528 2412 738 2440 retrorsum
767 2406 889 2455 magis
916 2413 1165 2446 attenuatum.
1228 2406 1336 2455 Apex
1370 2405 1535 2447 obtusus.

363 2472 463 2506 Num
503 2469 566 2506 hic
607 2470 849 2518 praecedenti
885 2471 1067 2519 adaequat
1113 2479 1284 2520 autoptae
1329 2470 1525 2518 judicent,
1578 2471 1918 2520 Echinorhynchos
1963 2474 2059 2510 mihi
2107 2487 2152 2511 ex

213 2535 388 2572 Carassio
414 2536 538 2573 obvios
565 2548 609 2572 ac
637 2536 676 2572 in
700 2536 838 2572 Notitia
865 2537 1072 2583 sejunctos,
1109 2537 1155 2573 ad
1183 2536 1470 2584 clavaecipitem
1498 2537 1750 2571 Bremsero
1778 2537 2004 2572 assentiente
2024 2540 2152 2582 retuli,

217 2701 289 2757 14)
350 2697 758 2756 Echinorhynchus
791 2700 948 2754 major.
1008 2700 1153 2742 Brem.
1184 2713 1231 2741 11.
1264 2712 1332 2755 sp.

299 2793 478 2825 Charact.
530 2794 698 2827 Proboscis
723 2804 819 2833 parva
843 2793 1058 2835 subglobosa,
1104 2791 1226 2825 collum
1248 2793 1474 2825 brevissimum
1495 2793 1757 2835 subvaginatum,
1796 2802 1912 2831 eorpus
1935 2793 2151 2834 cylindricum

465 2860 642 2882 retrorsum
670 2851 862 2881 decrescens.

300 2929 400 2959 Hah.
444 2929 483 2958 In
511 2930 669 2959 intestinis
702 2929 900 2959 Erinacei
928 2930 1146 2969 europaei.

369 3020 609 3068 Descript.
662 3020 812 3068 Species
839 3021 934 3057 haec
963 3035 1057 3058 nova
1074 3021 1231 3071 (Notitia
1255 3021 1482 3058 collectionis
1508 3021 1586 3068 jam
1612 3018 1749 3068 publici
1774 3019 1868 3066 juris
1895 3017 2031 3066 facta),
2060 3032 2150 3056 vere

218 3093 256 3120 et
282 3092 421 3121 aestate
447 3085 522 3130 bis,
549 3076 727 3121 autumn‘o
757 3093 888 3132 quater
913 3095 1076 3134 reperta,
1103 3101 1168 3124 sex
1196 3086 1242 3123 ad
1267 3101 1403 3124 novem
1430 3099 1544 3134 usque
1571 3086 1721 3134 pollices
1746 3085 1858 3135 longa
1867 3084 2000 3130 ,·duas
2026 3090 2151 3121 tresve

217 3148 334 3185 lineas
361 3162 489 3187 crassa
516 3157 584 3191 est,
651 3151 842 3186 Proboscis
868 3164 984 3199 parva
1009 3153 1226 3202 subglobosa
1242 3178 1254 3197 ,
1308 3152 1431 3188 medio
1457 3150 1591 3199 papilla
1619 3151 1753 3200 exigua
1780 3150 1963 3185 instructa
1980 3174 1993 3193 ,
2046 3148 2150 3183 unci-

221 3226 355 3250 norum
381 3215 613 3251 minutorum
639 3215 817 3263 quidem,
869 3216 933 3252 sed
960 3218 1048 3253 satis
1075 3217 1232 3252 fortium
1259 3229 1303 3252 ac
1329 3216 1556 3255 reflexorum
1584 3215 1750 3251 seriebus
1777 3214 1936 3262 quinque
1961 3218 2151 3247 transver-

221 3278 357 3314 salibus
383 3267 555 3326 inunita,
610 3282 701 3317 collo
727 3280 950 3318 brevissimo
978 3282 1221 3332 subvaginato
1247 3281 1487 3321 terminatur.
1555 3276 1729 3328 Corporis
1756 3276 1886 3314 teretis
1914 3276 2038 3311 antica
2064 3284 2165 3322 pars‘

219 3344 338 3379 subito
362 3356 492 3381 versus
516 3346 742 3394 proboscidis
767 3345 893 3392 basin,
928 3348 1069 3384 sensim
1095 3359 1226 3383 versus
1251 3346 1398 3393 apicem
1425 3343 1622 3381 caudalem
1640 3340 1826 3378 decrescit
1851 3353 1896 3376 ac
1920 3345 2150 3383 attenuatur,

219 3408 273 3444 ita
299 3415 339 3443 ut
365 3394 457 3455 apex
481 3410 520 3446 in
547 3411 713 3447 maribus
740 3412 958 3449 rotundatus
985 3421 1048 3450 aut
1074 3413 1240 3449 vesicula
1267 3411 1491 3448 terminatus
1508 3437 1520 3455 ,
1573 3409 1613 3444 in
1647 3404 1799 3442 feminis
1827 3404 1975 3440 obtusus
2004 3401 2151 3443 evadat,

221 3471 445 3520 Superficies
479 3474 616 3521 laevis,
668 3472 757 3511 hinc
786 3474 936 3512 illincve
964 3484 1110 3514 tantum
1145 3477 1264 3513 obiter
1288 3476 1409 3512 ineisa
1441 3488 1486 3511 ac
1513 3471 1716 3510 constricta
1743 3476 1910 3518 apparet.

1431 3532 1456 3569 ὅ
